=LDR  00850nab-a22001814u-4500
=001  pl000000045
=005  20120412
=008  980220s1988----pl\\\\\\\\\\\\\\\\\\\\\\\
=040  \\$aIBL$bpol
=100  1\$aTomasik, Wojciech$d(1955- )$4aut$1http://viaf.org/viaf/66516804
=245  10$a[no title] /$cWojciech Tomasik ; Tł. Zygmunt Nierada.
=380  \\$iMajor genre$aSecondary literature$leng
=650  04$aTeoria literatury. Ogólne
=655  \4$aRecenzja
=700  1\$aNierada, Zygmunt$eTłumacz$4trl
=773  0\$tLiterary Studies in Poland. Etudes Litteraires en Pologne$gR. 1988, t. 20, s. 89-99$91988
=856  42$uhttp://libri.ucl.cas.cz/Record/pl000000043$yreview of: Bartoszyński Kazimierz, Teoria i interpretacja. Szkice literackie, Państwowe Wydawnictwo Naukowe, Warszawa 1988$4N
=995  \\$aPolska Bibliografia Literacka$bPBL 1989-2003: książki i czasopisma

