=LDR  00704nab-a22001814u-4500
=001  pl000000047
=005  20181123
=008  980220s1988----pl\\\\\\\\\\\\\\\\\\pol\\
=040  \\$aIBL$bpol
=245  10$a[no title] /$c[no author]
=380  \\$iMajor genre$aSecondary literature$leng
=600  14$aBabula, Grzegorz$1http://viaf.org/viaf/162815213
=650  04$aHasła osobowe (literatura polska)
=650  \7$aPolish literature$2ELB-n
=655  \4$aRecenzja
=773  0\$tmF5 magazyn Faktów$gR. 1988, nr 7, s. 18$91988
=856  42$uhttp://libri.ucl.cas.cz/Record/pl000000042$yreview of: Babula Grzegorz, A to mistyka!, Iskry, Warszawa 1988$4N
=995  \\$aPolska Bibliografia Literacka$bPBL 1989-2003: książki i czasopisma

