=LDR  00797nab-a22001934u-4500
=001  pl000000057
=005  20100910
=008  980223s1988----pl\\\\\\\\\\\\\\\\\\pol\\
=040  \\$aIBL$bpol
=100  1\$aŚwierkowski, Maciej$4aut
=245  10$a[no title] /$cMaciej Świerkowski
=380  \\$iMajor genre$aSecondary literature$leng
=600  14$aJabłoński, Witold$d(1957- )$1http://viaf.org/viaf/101805142
=650  04$aHasła osobowe (literatura polska)
=650  \7$aPolish literature$2ELB-n
=655  \4$aRecenzja
=773  0\$tOdgłosy$x0472-5042$gR. 1988, nr 42, s. 8$91988$sOdgłosy
=856  42$uhttp://libri.ucl.cas.cz/Record/pl000000054$yreview of: Jabłoński Witold, Gorące uczynki, Wydawnictwo Łódzkie, Łódź 1988$4N
=995  \\$aPolska Bibliografia Literacka$bPBL 1989-2003: książki i czasopisma

