=LDR  00856nab-a22001934u-4500
=001  pl000000060
=005  20100510
=008  980223s1988----pl\\\\\\\\\\\\\\\\\\pol\\
=040  \\$aIBL$bpol
=100  1\$aOlszewski, Tadeusz$d(1941-2020)$4aut$1http://viaf.org/viaf/36947221
=245  10$a[no title] /$cTadeusz Olszewski
=380  \\$iMajor genre$aSecondary literature$leng
=600  14$aJabłoński, Witold$d(1957- )$1http://viaf.org/viaf/101805142
=650  04$aHasła osobowe (literatura polska)
=650  \7$aPolish literature$2ELB-n
=655  \4$aRecenzja
=773  0\$tŻycie Literackie$x0591-2369$gR. 1988, nr 48, s. 10$91988$sŻycie Literackie
=856  42$uhttp://libri.ucl.cas.cz/Record/pl000000054$yreview of: Jabłoński Witold, Gorące uczynki, Wydawnictwo Łódzkie, Łódź 1988$4N
=995  \\$aPolska Bibliografia Literacka$bPBL 1989-2003: książki i czasopisma

