=LDR  00754nab-a22001934u-4500
=001  pl000000091
=005  20090709
=008  980224s1988----pl\\\\\\\\\\\\\\\\\\pol\\
=040  \\$aIBL$bpol
=100  1\$aMarx, Jan$4aut
=245  10$a[no title] /$cJan Marx
=380  \\$iMajor genre$aSecondary literature$leng
=600  14$aJałoszyński, Jan$d(1930- )$1http://viaf.org/viaf/166636230
=650  04$aHasła osobowe (literatura polska)
=650  \7$aPolish literature$2ELB-n
=655  \4$aRecenzja
=773  0\$tKultura [Warszawa]$gR. 1988, nr 40, s. 15$91988
=856  42$uhttp://libri.ucl.cas.cz/Record/pl000000088$yreview of: Jałoszyński Jan, Festiwal dla wuja, Pojezierze, Olsztyn 1989$4N
=995  \\$aPolska Bibliografia Literacka$bPBL 1989-2003: książki i czasopisma

