=LDR  00821nab-a22002054u-4500
=001  pl000000099
=005  20100910
=008  980224s1988----pl\\\\\\\\\\\\\\\\\\pol\\
=040  \\$aIBL$bpol
=100  1\$aŁubieński, Tomasz$4aut
=245  10$a[no title] /$cTomasz Łubieński
=380  \\$iMajor genre$aSecondary literature$leng
=600  14$aBrodsky, Joseph$d(1940-1996)$1http://viaf.org/viaf/31993687
=650  04$aHasła osobowe (rosyjska)
=650  04$aLiteratury obce, Literatura rosyjska
=650  \7$aRussian literature$2ELB-n
=655  \4$aRecenzja
=773  0\$tRes Publica$gR. 1988, nr 9, s. 121-122$91988
=856  42$uhttp://libri.ucl.cas.cz/Record/pl000000089$yreview of: Brodski Josif, 82 wiersze i poematy, Zeszyty Literackie, Paryż 1988$4N
=995  \\$aPolska Bibliografia Literacka$bPBL 1989-2003: książki i czasopisma

