=LDR  00829nab-a22001934u-4500
=001  pl000000103
=005  20090205
=008  980224s1988----pl\\\\\\\\\\\\\\\\\\pol\\
=040  \\$aIBL$bpol
=100  1\$aMaassen, Mariola$4aut
=245  10$a[no title] /$cMariola Maassen
=380  \\$iMajor genre$aSecondary literature$leng
=600  14$aOkoń, Longin Jan$d(1927-2020)$1http://viaf.org/viaf/74732861
=650  04$aHasła osobowe (literatura polska)
=650  \7$aPolish literature$2ELB-n
=655  \4$aRecenzja
=773  0\$tSłowo Powszechne$x0137-9283$gR. 1988, nr 230, s. 7$91988$sSłowo Powszechne
=856  42$uhttp://libri.ucl.cas.cz/Record/pl000000094$yreview of: Okoń Longin Jan, Miłość silniejsza niż śmierć, Krajowa Agencja Wydawnicza, Lublin 1988$4N
=995  \\$aPolska Bibliografia Literacka$bPBL 1989-2003: książki i czasopisma

