=LDR  00765nab-a22001934u-4500
=001  pl000000121
=005  20090706
=008  980224s1988----\\\\\\\\\\\\\\\\\\\\pol\\
=040  \\$aIBL$bpol
=245  10$a[no title] /$c[no author]
=380  \\$iMajor genre$aSecondary literature$leng
=600  14$aBrodsky, Joseph$d(1940-1996)$1http://viaf.org/viaf/31993687
=650  04$aHasła osobowe (rosyjska)
=650  04$aLiteratury obce, Literatura rosyjska
=650  \7$aRussian literature$2ELB-n
=655  \4$aRecenzja
=773  0\$tPogląd$gR. 1988, nr 10, s. 63$91988
=856  42$uhttp://libri.ucl.cas.cz/Record/pl000000089$yreview of: Brodski Josif, 82 wiersze i poematy, Zeszyty Literackie, Paryż 1988$4N
=995  \\$aPolska Bibliografia Literacka$bPBL 1989-2003: książki i czasopisma

