=LDR  00690nab-a22001694u-4500
=001  pl000000147
=005  20091204
=008  980225s1988----pl\\\\\\\\\\\\\\\\\\pol\\
=040  \\$aIBL$bpol
=100  1\$aOssowski, Jerzy S.$4aut
=245  10$a[no title] /$cJerzy S. Ossowski
=380  \\$iMajor genre$aSecondary literature$leng
=650  04$aTeoria procesu historycznoliterackiego
=655  \4$aRecenzja
=773  0\$tZdanie$gR. 1988, nr 12, s. 58-59$91988
=856  42$uhttp://libri.ucl.cas.cz/Record/pl000000117$yreview of: Chojnacki Antoni, Marksowska teoria praktyki literackiej, Państwowe Wydawnictwo Naukowe, Warszawa 1988$4N
=995  \\$aPolska Bibliografia Literacka$bPBL 1989-2003: książki i czasopisma

