=LDR  00902nab-a22001934u-4500
=001  pl000000156
=005  20140428
=008  980225s1988----pl\\\\\\\\\\\\\\\\\\pol\\
=040  \\$aIBL$bpol
=100  1\$aKunert, Andrzej Krzysztof$d(1952- )$4aut$1http://viaf.org/viaf/97978888
=245  10$a[no title] /$cAndrzej Krzysztof Kunert
=380  \\$iMajor genre$aSecondary literature$leng
=600  14$aJankowski, Stanisław$d(1911-2002)$1http://viaf.org/viaf/57414003
=650  04$aHasła osobowe (literatura polska)
=650  \7$aPolish literature$2ELB-n
=655  \4$aRecenzja
=773  0\$tRocznik Warszawski$x0080-360X$gR. 1988, t. 20, s. 274-279$91988$sRocznik Warszawski
=856  42$uhttp://libri.ucl.cas.cz/Record/pl000000153$yreview of: Jankowski Stanisław, Z fałszywym ausweisem w prawdziwej Warszawie. Wspomnienia 1939-1946, 1988$4N
=995  \\$aPolska Bibliografia Literacka$bPBL 1989-2003: książki i czasopisma

