=LDR  00799nab-a22001814u-4500
=001  pl000000157
=005  20100910
=008  980225s1988----pl\\\\\\\\\\\\\\\\\\pol\\
=040  \\$aIBL$bpol
=245  10$a[no title] /$c[no author]
=380  \\$iMajor genre$aSecondary literature$leng
=600  14$aJankowski, Stanisław$d(1911-2002)$1http://viaf.org/viaf/57414003
=650  04$aHasła osobowe (literatura polska)
=650  \7$aPolish literature$2ELB-n
=655  \4$aRecenzja
=773  0\$tDodatek Literacki$x2081-7789$gR. 1988, nr z 25 XII, s. 3$91988$sDodatek Literacki
=856  42$uhttp://libri.ucl.cas.cz/Record/pl000000153$yreview of: Jankowski Stanisław, Z fałszywym ausweisem w prawdziwej Warszawie. Wspomnienia 1939-1946, 1988$4N
=995  \\$aPolska Bibliografia Literacka$bPBL 1989-2003: książki i czasopisma

