=LDR  00779nab-a22001934u-4500
=001  pl000000158
=005  20090709
=008  980225s1988----pl\\\\\\\\\\\\\\\\\\pol\\
=040  \\$aIBL$bpol
=100  1\$aBiela, Emil$4aut
=245  10$a[no title] /$cEmil Biela
=380  \\$iMajor genre$aSecondary literature$leng
=600  14$aFerenc, Teresa$d(1934- )$1http://viaf.org/viaf/59177779
=650  04$aHasła osobowe (literatura polska)
=650  \7$aPolish literature$2ELB-n
=655  \4$aRecenzja
=773  0\$tKultura [Warszawa]$gR. 1988, nr 39, s. 10$91988
=856  42$uhttp://libri.ucl.cas.cz/Record/pl000000154$yreview of: Ferenc Teresa, Kradzione w raju. Wiersze o miłości wybrane i nowe, Glob, Szczecin 1988$4N
=995  \\$aPolska Bibliografia Literacka$bPBL 1989-2003: książki i czasopisma

