=LDR  00749nab-a22001934u-4500
=001  pl000000171
=005  20091225
=008  980225s1988----pl\\\\\\\\\\\\\\\\\\pol\\
=040  \\$aIBL$bpol
=100  1\$aHeck, Dorota$4aut
=245  10$a[no title] /$cDorota Heck
=380  \\$iMajor genre$aSecondary literature$leng
=600  14$aFerenc, Teresa$d(1934- )$1http://viaf.org/viaf/59177779
=650  04$aHasła osobowe (literatura polska)
=650  \7$aPolish literature$2ELB-n
=655  \4$aRecenzja
=773  0\$tTwórczość$gR. 1988, nr 11, s. 110-112$91988
=856  42$uhttp://libri.ucl.cas.cz/Record/pl000000161$yreview of: Ferenc Teresa, Nóż za ptakiem, Czytelnik, Warszawa 1988$4N
=995  \\$aPolska Bibliografia Literacka$bPBL 1989-2003: książki i czasopisma

