=LDR  00811nab-a22001934u-4500
=001  pl000000176
=005  20100910
=008  980225s1988----pl\\\\\\\\\\\\\\\\\\pol\\
=040  \\$aIBL$bpol
=100  1\$aSzymańska, Adriana$d(1943- )$4aut$1http://viaf.org/viaf/2547230
=245  10$a[no title] /$cAdriana Szymańska
=380  \\$iMajor genre$aSecondary literature$leng
=600  14$aFerenc, Teresa$d(1934- )$1http://viaf.org/viaf/59177779
=650  04$aHasła osobowe (literatura polska)
=650  \7$aPolish literature$2ELB-n
=655  \4$aRecenzja
=773  0\$tPrzegląd Powszechny$gR. 1988, nr 12, s. 446-448$91988
=856  42$uhttp://libri.ucl.cas.cz/Record/pl000000161$yreview of: Ferenc Teresa, Nóż za ptakiem, Czytelnik, Warszawa 1988$4N
=995  \\$aPolska Bibliografia Literacka$bPBL 1989-2003: książki i czasopisma

