=LDR  01071nab-a22002414u-4500
=001  pl000000180
=005  20100910
=008  980225s1988----pl\\\\\\\\\\\\\\\\\\pol\\
=040  \\$aIBL$bpol
=100  1\$aMichalski, Henryk$4aut
=245  10$a[no title] /$cHenryk Michalski
=380  \\$iMajor genre$aSecondary literature$leng
=650  04$aHistoria literatury polskiej, Literatura dwudziestolecia międzywojennego
=650  04$aLiteratura współczesna 1945-1989, ogólne materiały (Literatura współczesna 1945-1989)
=650  04$aOgólne (1945-1989)
=650  04$aTematy, motywy, Wojna światowa II, okupacja
=650  \7$aPolish literature$2ELB-n
=655  \4$aRecenzja
=773  0\$tKultura [Warszawa]$gR. 1988, nr 50, s. 8$91988
=787  \\$aFilmy polskie, Lekcja martwego języka
=787  \\$aFilmy polskie, Sanatorium pod Klepsydrą
=856  42$uhttp://libri.ucl.cas.cz/Record/pl000000169$yreview of: Lam Andrzej, Lupus in fabula. Szkice literackie, Wydawnictwo Literackie, Kraków 1988$4N
=995  \\$aPolska Bibliografia Literacka$bPBL 1989-2003: książki i czasopisma

