=LDR  00798nab-a22001934u-4500
=001  pl000000188
=005  20091225
=008  980225s1988----pl\\\\\\\\\\\\\\\\\\pol\\
=040  \\$aIBL$bpol
=100  1\$aKorzeniowski, Tomasz$4aut
=245  10$a[no title] /$cTomasz Korzeniowski
=380  \\$iMajor genre$aSecondary literature$leng
=600  14$aFicowski, Jerzy$d(1924-2006)$1http://viaf.org/viaf/64005552
=650  04$aHasła osobowe (literatura polska)
=650  \7$aPolish literature$2ELB-n
=655  \4$aRecenzja
=773  0\$tNowe Książki$x0137-8562$gR. 1988, nr 11, s. 73-74$91988$sNowe Książki
=856  42$uhttp://libri.ucl.cas.cz/Record/pl000000187$yreview of: Ficowski Jerzy, Odczytanie popiołów, Iskry, Warszawa 1988$4N
=995  \\$aPolska Bibliografia Literacka$bPBL 1989-2003: książki i czasopisma

