=LDR  00825nab-a22001934u-4500
=001  pl000000192
=005  20100910
=008  980225s1988----pl\\\\\\\\\\\\\\\\\\pol\\
=040  \\$aIBL$bpol
=100  1\$aWilcz-Grzędzińska, Ewa$4aut
=245  10$a[no title] /$cEwa Wilcz-Grzędzińska
=380  \\$iMajor genre$aSecondary literature$leng
=600  14$aJasienica, Paweł$d(1909-1970)$1http://viaf.org/viaf/19696978
=650  04$aHasła osobowe (literatura polska)
=650  \7$aPolish literature$2ELB-n
=655  \4$aRecenzja
=773  0\$tHistoria i Życie$x0860-6099$gR. 1988, nr 3, s. 4$91988$sHistoria i Życie
=856  42$uhttp://libri.ucl.cas.cz/Record/pl000000190$yreview of: Jasienica Paweł, Dwie drogi, Państwowy Instytut Wydawniczy, Warszawa 1988$4N
=995  \\$aPolska Bibliografia Literacka$bPBL 1989-2003: książki i czasopisma

