=LDR  00956nab-a22001934u-4500
=001  pl000000226
=005  20090706
=008  980226s1988----\\\\\\\\\\\\\\\\\\\\pol\\
=040  \\$aIBL$bpol
=100  1\$aWaliszewska, Marta$4aut
=245  10$a[no title] /$cMarta Waliszewska
=380  \\$iMajor genre$aSecondary literature$leng
=650  04$aLiteratura współczesna 1945-1989, ogólne materiały (Literatura współczesna 1945-1989)
=650  04$aOgólne (1945-1989)
=655  \4$aRecenzja
=773  0\$tPogląd$gR. 1988, nr 11, s. 61$91988
=856  42$uhttp://libri.ucl.cas.cz/Record/pl000000201$yreview of: Łapiński Zdzisław, Jak współżyć z socrealizmem. Szkice nie na temat, Polonia Book Fundation, Londyn 1989$4N
=856  42$uhttp://libri.ucl.cas.cz/Record/pl000000201$yreview of: Łapiński Zdzisław, Jak współżyć z socrealizmem. Szkice nie na temat, Polonia, Londyn 1989$4N
=995  \\$aPolska Bibliografia Literacka$bPBL 1989-2003: książki i czasopisma

