=LDR  00807nab-a22001934u-4500
=001  pl000000227
=005  20100910
=008  980226s1988----pl\\\\\\\\\\\\\\\\\\pol\\
=040  \\$aIBL$bpol
=245  10$a[no title] /$c[no author]
=380  \\$iMajor genre$aSecondary literature$leng
=520  2\$a[z fot.].
=600  14$aJastrun, Tomasz$d(1950- )$1http://viaf.org/viaf/22158921
=650  04$aHasła osobowe (literatura polska)
=650  \7$aPolish literature$2ELB-n
=655  \4$aRecenzja
=773  0\$tPWA. Przegląd Wiadomości Agencyjnych$gR. 1988, nr 35, s. 6$91988
=856  42$uhttp://libri.ucl.cas.cz/Record/pl000000225$yreview of: Jastrun Tomasz, W złotej klatce. Notatnik amerykański, Oficyna Wydawnicza "Pokolenie", Warszawa 1988$4N
=995  \\$aPolska Bibliografia Literacka$bPBL 1989-2003: książki i czasopisma

