=LDR  00721nab-a22001574u-4500
=001  pl000000230
=005  20091204
=008  980226s1988----pl\\\\\\\\\\\\\\\\\\pol\\
=040  \\$aIBL$bpol
=245  10$a[no title] /$c[no author]
=380  \\$iMajor genre$aSecondary literature$leng
=650  04$aMetodologia badań literackich
=655  \4$aRecenzja
=773  0\$tNowe Książki$x0137-8562$gR. 1988, nr 12, s. 38-40$91988$sNowe Książki
=856  42$uhttp://libri.ucl.cas.cz/Record/pl000000224$yreview of: Ingarden Roman, O dziele literackim. Badania z pogranicza ontologii, teorii języka i filozofii literatury, Państwowe Wydawnictwo Naukowe, Warszawa 1988$4N
=995  \\$aPolska Bibliografia Literacka$bPBL 1989-2003: książki i czasopisma

