=LDR  00820nab-a22001934u-4500
=001  pl000000231
=005  20090205
=008  980226s1988----pl\\\\\\\\\\\\\\\\\\pol\\
=040  \\$aIBL$bpol
=100  1\$aKowalska-Masłowska, Małgorzata$4aut
=245  10$a[no title] /$cMałgorzata Kowalska-Masłowska
=380  \\$iMajor genre$aSecondary literature$leng
=600  14$aOlczak, Janusz$d(1941-1991)$1http://viaf.org/viaf/16085219
=650  04$aHasła osobowe (literatura polska)
=650  \7$aPolish literature$2ELB-n
=655  \4$aRecenzja
=773  0\$tNadodrze$gR. 1988, nr 19, s. 8$91988
=856  42$uhttp://libri.ucl.cas.cz/Record/pl000000119$yreview of: Olczak Janusz, Baśnie lubuskie, Wydawnictwo Lubuskiego Towarzystwa Kultury, Zielona Góra 1988$4N
=995  \\$aPolska Bibliografia Literacka$bPBL 1989-2003: książki i czasopisma

