=LDR  00774nab-a22001934u-4500
=001  pl000000240
=005  20100521
=008  980226s1988----pl\\\\\\\\\\\\\\\\\\pol\\
=040  \\$aIBL$bpol
=100  1\$aTessarowicz, Iwona$4aut
=245  10$a[no title] /$cIwona Tessarowicz
=380  \\$iMajor genre$aSecondary literature$leng
=600  14$aOpala, Renata$1http://viaf.org/viaf/102053352
=650  04$aHasła osobowe (literatura polska)
=650  \7$aPolish literature$2ELB-n
=655  \4$aRecenzja
=773  0\$tŚwiat Książki$gR. 1988, nr 4, s. 30-31$91988
=856  42$uhttp://libri.ucl.cas.cz/Record/pl000000238$yreview of: Opala Renata, Słonecznikowa dziewczynka, Wydawnictwo Poznańskie, Poznań 1988$4N
=995  \\$aPolska Bibliografia Literacka$bPBL 1989-2003: książki i czasopisma

