=LDR  00721nab-a22002054u-4500
=001  pl000000250
=005  20120426
=008  980226s1988----pl\\\\\\\\\\\\\\\\\\pol\\
=040  \\$aIBL$bpol
=100  1\$a(lf)$4aut
=245  10$a[no title] /$c(lf)
=380  \\$iMajor genre$aSecondary literature$leng
=520  2\$anota
=600  14$aJastrzębski, Stanisław
=650  04$aHasła osobowe (literatura polska)
=650  \7$aPolish literature$2ELB-n
=655  \4$aRecenzja
=773  0\$tWybór$gR. 1988, nr 20, s. 2$91988
=856  42$uhttp://libri.ucl.cas.cz/Record/pl000000248$yreview of: Jastrzębski Stanisław, Pełnia dojrzewania, [b.w.], Siedlce 1988$4N
=995  \\$aPolska Bibliografia Literacka$bPBL 1989-2003: książki i czasopisma

