=LDR  00794nab-a22001934u-4500
=001  pl000000266
=005  20120426
=008  980226s1988----pl\\\\\\\\\\\\\\\\\\pol\\
=040  \\$aIBL$bpol
=100  1\$aA.S.$4aut
=245  10$a[no title] /$cA.S.
=380  \\$iMajor genre$aSecondary literature$leng
=600  14$aOrłoś, Kazimierz$d(1935- )$1http://viaf.org/viaf/85472570
=650  04$aHasła osobowe (literatura polska)
=650  \7$aPolish literature$2ELB-n
=655  \4$aRecenzja
=773  0\$tWybór$gR. 1988, nr 21, s. 2$91988
=856  42$uhttp://libri.ucl.cas.cz/Record/pl000000265$yreview of: Orłoś Kazimierz, Historia "Cudownej meliny" [Wspomn.]. Cudowna melina [Pow.], Niezależna Oficyna Wydawnicza, Warszawa 1988$4N
=995  \\$aPolska Bibliografia Literacka$bPBL 1989-2003: książki i czasopisma

