=LDR  00876nab-a22002054u-4500
=001  pl000000267
=005  20140529
=008  980226s1988----pl\\\\\\\\\\\\\\\\\\pol\\
=040  \\$aIBL$bpol
=100  1\$aJurkowski, Stefan$d(1948- )$4aut$1http://viaf.org/viaf/75028367
=245  10$a[no title] /$cStefan Jurkowski
=380  \\$iMajor genre$aSecondary literature$leng
=520  2\$az fot.
=600  14$aJerzyna, Zbigniew$d(1938-2010)$1http://viaf.org/viaf/101717405
=650  04$aHasła osobowe (literatura polska)
=650  \7$aPolish literature$2ELB-n
=655  \4$aRecenzja
=773  0\$tŻycie Literackie$x0591-2369$gR. 1988, nr 51, s. 10$91988$sŻycie Literackie
=856  42$uhttp://libri.ucl.cas.cz/Record/pl000000264$yreview of: Jerzyna Zbigniew, Moment przesilenia, Wydawnictwo Łódzkie, Łódź 1988$4N
=995  \\$aPolska Bibliografia Literacka$bPBL 1989-2003: książki i czasopisma

