=LDR  00872nab-a22001934u-4500
=001  pl000000268
=005  20111216
=008  980226s1988----pl\\\\\\\\\\\\\\\\\\pol\\
=040  \\$aIBL$bpol
=100  1\$aKaczyński, Andrzej$4aut
=245  10$a[no title] /$cAndrzej Kaczyński
=380  \\$iMajor genre$aSecondary literature$leng
=600  14$aOrłoś, Kazimierz$d(1935- )$1http://viaf.org/viaf/85472570
=650  04$aHasła osobowe (literatura polska)
=650  \7$aPolish literature$2ELB-n
=655  \4$aRecenzja
=773  0\$tKultura Niezależna$x0867-2016$gR. 1988, nr 38, s. 58-62$91988$sKultura Niezależna
=856  42$uhttp://libri.ucl.cas.cz/Record/pl000000265$yreview of: Orłoś Kazimierz, Historia "Cudownej meliny" [Wspomn.]. Cudowna melina [Pow.], Niezależna Oficyna Wydawnicza, Warszawa 1988$4N
=995  \\$aPolska Bibliografia Literacka$bPBL 1989-2003: książki i czasopisma

