=LDR  00789nab-a22001934u-4500
=001  pl000000271
=005  20091225
=008  980226s1988----pl\\\\\\\\\\\\\\\\\\pol\\
=040  \\$aIBL$bpol
=245  10$a[no title] /$c[no author]
=380  \\$iMajor genre$aSecondary literature$leng
=520  2\$a[nota].
=600  14$aJesionowski, Jerzy$d(1919-1992)$1http://viaf.org/viaf/93349118
=650  04$aHasła osobowe (literatura polska)
=650  \7$aPolish literature$2ELB-n
=655  \4$aRecenzja
=773  0\$tNowe Książki$x0137-8562$gR. 1988, nr 10, s. 30-31$91988$sNowe Książki
=856  42$uhttp://libri.ucl.cas.cz/Record/pl000000269$yreview of: Jesionowski Jerzy, Rzeczy nie do rzeczy, Nasza Księgarnia, Warszawa 1988$4N
=995  \\$aPolska Bibliografia Literacka$bPBL 1989-2003: książki i czasopisma

