=LDR  00751nab-a22001934u-4500
=001  pl000000286
=005  20090709
=008  980227s1988----pl\\\\\\\\\\\\\\\\\\pol\\
=040  \\$aIBL$bpol
=100  1\$aF.S.$4aut
=245  10$a[no title] /$cF.S.
=380  \\$iMajor genre$aSecondary literature$leng
=600  14$aJȩdrzejewski, Marek$d(1956- )$1http://viaf.org/viaf/6504714
=650  04$aHasła osobowe (literatura polska)
=650  \7$aPolish literature$2ELB-n
=655  \4$aRecenzja
=773  0\$tKultura [Warszawa]$gR. 1988, nr 46, s. 10$91988
=856  42$uhttp://libri.ucl.cas.cz/Record/pl000000284$yreview of: Jędrzejewski Marek, Niedokończony poemat snu, Iskry, Warszawa 1988$4N
=995  \\$aPolska Bibliografia Literacka$bPBL 1989-2003: książki i czasopisma

