=LDR  00770nab-a22001934u-4500
=001  pl000000290
=005  20060720
=008  980227s1988----pl\\\\\\\\\\\\\\\\\\pol\\
=040  \\$aIBL$bpol
=100  1\$aLubelska, Magdalena$4aut
=245  10$a[no title] /$cMagdalena Lubelska
=380  \\$iMajor genre$aSecondary literature$leng
=600  14$aJochimek, Jerzy$d(1920-2010)$1http://viaf.org/viaf/44386031
=650  04$aHasła osobowe (literatura polska)
=650  \7$aPolish literature$2ELB-n
=655  \4$aRecenzja
=773  0\$tArka$gR. 1988, nr 23, s. 115-117$91988
=856  42$uhttp://libri.ucl.cas.cz/Record/pl000000289$yreview of: Jochimek Jerzy, Za kręgiem, Wydawnictwo "Przedświt", Warszawa 1989$4N
=995  \\$aPolska Bibliografia Literacka$bPBL 1989-2003: książki i czasopisma

