=LDR  00820nab-a22002054u-4500
=001  pl000000297
=005  20091225
=008  980227s1988----pl\\\\\\\\\\\\\\\\\\pol\\
=040  \\$aIBL$bpol
=100  1\$aIwasiów, Inga$4aut
=245  10$a[no title] /$cInga Iwasiów
=380  \\$iMajor genre$aSecondary literature$leng
=520  2\$a[z fot.].
=600  14$aJózefacka, Maria$d(1942- )$1http://viaf.org/viaf/17260945
=650  04$aHasła osobowe (literatura polska)
=650  \7$aPolish literature$2ELB-n
=655  \4$aRecenzja
=773  0\$tNowe Książki$x0137-8562$gR. 1988, nr 12, s. 80-82$91988$sNowe Książki
=856  42$uhttp://libri.ucl.cas.cz/Record/pl000000295$yreview of: Józefacka Maria, Godzina Oriona, Wydawnictwo Lubelskie, Lublin 1988$4N
=995  \\$aPolska Bibliografia Literacka$bPBL 1989-2003: książki i czasopisma

