=LDR  00780nab-a22001814u-4500
=001  pl000000300
=005  20100910
=008  980227s1988----pl\\\\\\\\\\\\\\\\\\pol\\
=040  \\$aIBL$bpol
=100  1\$aNasiłowska, Anna$d(1958- )$4aut$1http://viaf.org/viaf/84221159
=245  10$a[no title] /$cAnna Nasiłowska
=380  \\$iMajor genre$aSecondary literature$leng
=650  04$aLiteratura współczesna 1945-1989, ogólne materiały (Literatura współczesna 1945-1989)
=650  04$aOgólne (1945-1989)
=655  \4$aRecenzja
=773  0\$tRes Publica$gR. 1988, nr 12, s. 127-128$91988
=856  42$uhttp://libri.ucl.cas.cz/Record/pl000000294$yreview of: Nyczek Tadeusz, Emigranci, Oficyna Literacka, Kraków 1988$4N
=995  \\$aPolska Bibliografia Literacka$bPBL 1989-2003: książki i czasopisma

