=LDR  00739nab-a22001814u-4500
=001  pl000000301
=005  20100910
=008  980227s1988----fr\\\\\\\\\\\\\\\\\\pol\\
=040  \\$aIBL$bpol
=100  1\$aRogatko, Bogdan$4aut
=245  10$a[no title] /$cBogdan Rogatko
=380  \\$iMajor genre$aSecondary literature$leng
=650  04$aLiteratura współczesna 1945-1989, ogólne materiały (Literatura współczesna 1945-1989)
=650  04$aOgólne (1945-1989)
=655  \4$aRecenzja
=773  0\$tKultura [Paryż]$gR. 1988, nr 9, s. 142-145$91988
=856  42$uhttp://libri.ucl.cas.cz/Record/pl000000294$yreview of: Nyczek Tadeusz, Emigranci, Oficyna Literacka, Kraków 1988$4N
=995  \\$aPolska Bibliografia Literacka$bPBL 1989-2003: książki i czasopisma

