=LDR  00773nab-a22001934u-4500
=001  pl000000306
=005  20100623
=008  980227s1988----pl\\\\\\\\\\\\\\\\\\pol\\
=040  \\$aIBL$bpol
=100  1\$aŻuliński, Leszek$4aut
=245  10$a[no title] /$cLeszek Żuliński
=380  \\$iMajor genre$aSecondary literature$leng
=600  14$aJustynowicz, Bogdan$d(1939- )$1http://viaf.org/viaf/264046538
=650  04$aHasła osobowe (literatura polska)
=650  \7$aPolish literature$2ELB-n
=655  \4$aRecenzja
=773  0\$tAutograf$gR. 1988, nr 2, s. 53-54$91988
=856  42$uhttp://libri.ucl.cas.cz/Record/pl000000303$yreview of: Justynowicz Bogdan, Wiersze wybrane, Wydawnictwo Morskie, Gdańsk 1989$4N
=995  \\$aPolska Bibliografia Literacka$bPBL 1989-2003: książki i czasopisma

