=LDR  00766nab-a22001934u-4500
=001  pl000000315
=005  20100910
=008  980227s1988----enk\\\\\\\\\\\\\\\\\pol\\
=040  \\$aIBL$bpol
=100  1\$aWujek, Hilary$4aut
=245  10$a[no title] /$cHilary Wujek
=380  \\$iMajor genre$aSecondary literature$leng
=600  14$aEjbich, Bohdan$d(1916-2013)$1http://viaf.org/viaf/57894703
=650  04$aHasła osobowe (literatura polska)
=650  \7$aPolish literature$2ELB-n
=655  \4$aRecenzja
=773  0\$tOrzeł Biały$gR. 1988, nr 1426, s. 64$91988
=856  42$uhttp://libri.ucl.cas.cz/Record/pl000000312$yreview of: Ejbich Bohdan, Gdzie niebo się kończy, Nakładem autora, Toronto 1988$4N
=995  \\$aPolska Bibliografia Literacka$bPBL 1989-2003: książki i czasopisma

