=LDR  00850nab-a22001934u-4500
=001  pl000000325
=005  20100910
=008  980227s1988----pl\\\\\\\\\\\\\\\\\\pol\\
=040  \\$aIBL$bpol
=100  1\$aKaczyński, Andrzej$4aut
=245  10$a[no title] /$cAndrzej Kaczyński
=380  \\$iMajor genre$aSecondary literature$leng
=600  14$aEsden-Tempski, Stanisław$d(1952- )$1http://viaf.org/viaf/84129327
=650  04$aHasła osobowe (literatura polska)
=650  \7$aPolish literature$2ELB-n
=655  \4$aRecenzja
=773  0\$tKultura Niezależna$x0867-2016$gR. 1988, nr 45, s. 124-130$91988$sKultura Niezależna
=856  42$uhttp://libri.ucl.cas.cz/Record/pl000000324$yreview of: Esden-Tempski Stanisław, Między sierpniem a młotem, Wydawnictwo "Przedświt", Warszawa 1988$4N
=995  \\$aPolska Bibliografia Literacka$bPBL 1989-2003: książki i czasopisma

