=LDR  00816nab-a22001934u-4500
=001  pl000000370
=005  20100910
=008  980227s1988----pl\\\\\\\\\\\\\\\\\\pol\\
=040  \\$aIBL$bpol
=100  1\$aKlukowski, Bogdan$4aut
=245  10$a[no title] /$cBogdan Klukowski
=380  \\$iMajor genre$aSecondary literature$leng
=600  14$aŁoziński, Józef$d(1945- )$1http://viaf.org/viaf/101911981
=650  04$aHasła osobowe (literatura polska)
=650  \7$aPolish literature$2ELB-n
=655  \4$aRecenzja
=773  0\$tŻycie Warszawy$x0137-9437$gR. 1988, nr 275, s. 5$91988$sŻycie Warszawy
=856  42$uhttp://libri.ucl.cas.cz/Record/pl000000369$yreview of: Łoziński Józef, Statek na Hel. Poemat, Wydawnictwo Dolnośląskie, Wrocław 1988$4N
=995  \\$aPolska Bibliografia Literacka$bPBL 1989-2003: książki i czasopisma

