=LDR  00743nab-a22001814u-4500
=001  pl000000372
=005  20100521
=008  980227s1988----pl\\\\\\\\\\\\\\\\\\pol\\
=040  \\$aIBL$bpol
=245  10$a[no title] /$c[no author]
=380  \\$iMajor genre$aSecondary literature$leng
=600  14$aŁoziński, Józef$d(1945- )$1http://viaf.org/viaf/101911981
=650  04$aHasła osobowe (literatura polska)
=650  \7$aPolish literature$2ELB-n
=655  \4$aRecenzja
=773  0\$tŚwiat Książki$gR. 1988, nr 7, s. 4$91988
=856  42$uhttp://libri.ucl.cas.cz/Record/pl000000369$yreview of: Łoziński Józef, Statek na Hel. Poemat, Wydawnictwo Dolnośląskie, Wrocław 1988$4N
=995  \\$aPolska Bibliografia Literacka$bPBL 1989-2003: książki i czasopisma

