=LDR  00785nab-a22001934u-4500
=001  pl000000373
=005  20100910
=008  980227s1988----enk\\\\\\\\\\\\\\\\\pol\\
=040  \\$aIBL$bpol
=100  1\$aWujek, Hilary$4aut
=245  10$a[no title] /$cHilary Wujek
=380  \\$iMajor genre$aSecondary literature$leng
=600  14$aŁobodowski, Józef$d(1909-1988)$1http://viaf.org/viaf/59122863
=650  04$aHasła osobowe (literatura polska)
=650  \7$aPolish literature$2ELB-n
=655  \4$aRecenzja
=773  0\$tOrzeł Biały$gR. 1988, nr 1429, s. 32-33$91988
=856  42$uhttp://libri.ucl.cas.cz/Record/pl000000335$yreview of: Łobodowski Józef, Dytyramby patetyczne, Polska Fundacja  Kulturalna, Londyn 1988$4N
=995  \\$aPolska Bibliografia Literacka$bPBL 1989-2003: książki i czasopisma

