=LDR  00764nab-a22001934u-4500
=001  pl000000374
=005  20100521
=008  980227s1988----pl\\\\\\\\\\\\\\\\\\pol\\
=040  \\$aIBL$bpol
=100  1\$aTrzcińska, Walentyna$4aut
=245  10$a[no title] /$cWalentyna Trzcińska
=380  \\$iMajor genre$aSecondary literature$leng
=600  14$aŁoszewski, Tadeusz$d(1928- )$1http://viaf.org/viaf/9413539
=650  04$aHasła osobowe (literatura polska)
=650  \7$aPolish literature$2ELB-n
=655  \4$aRecenzja
=773  0\$tŚwiat Książki$gR. 1988, nr 6, s. 21$91988
=856  42$uhttp://libri.ucl.cas.cz/Record/pl000000363$yreview of: Łoszewski Tadeusz, "Maluśki", Iskry, Warszawa 1988$4N
=995  \\$aPolska Bibliografia Literacka$bPBL 1989-2003: książki i czasopisma

