=LDR  00823nab-a22001934u-4500
=001  pl000000421
=005  20090123
=008  980302s1988----pl\\\\\\\\\\\\\\\\\\pol\\
=040  \\$aIBL$bpol
=245  10$a[no title] /$c[no author]
=380  \\$iMajor genre$aSecondary literature$leng
=600  14$aKane, Cheikh Hamidou$d$1http://viaf.org/viaf/300654868
=650  04$aHasła osobowe (Afryki Subsaharyjskiej)
=650  04$aLiteratury obce, Literatury Afryki Subsaharyjskiej
=650  \7$aSub -saharan africa literature$2ELB-n
=655  \4$aRecenzja
=773  0\$tOdrodzenie$gR. 1988, nr 49, s. 9$91988
=856  42$uhttp://libri.ucl.cas.cz/Record/pl000003425$yreview of: Kane Cheikh Hamidou, Dwojaki sens przygody Samby Diallo, Nasza Księgarnia, Warszawa 1988$4N
=995  \\$aPolska Bibliografia Literacka$bPBL 1989-2003: książki i czasopisma

