=LDR  00788nab-a22001934u-4500
=001  pl000000423
=005  20100910
=008  980302s1988----pl\\\\\\\\\\\\\\\\\\pol\\
=040  \\$aIBL$bpol
=100  1\$aKrempf, Zbigniew$4aut
=245  10$a[no title] /$cZbigniew Krempf
=380  \\$iMajor genre$aSecondary literature$leng
=600  14$aŁysakowski, Jan$d(1926-2008)$1http://viaf.org/viaf/101728791
=650  04$aHasła osobowe (literatura polska)
=650  \7$aPolish literature$2ELB-n
=655  \4$aRecenzja
=773  0\$tWidnokręgi$x0043-5244$gR. 1988, nr 37, s. 2$91988$sWidnokręgi
=856  42$uhttp://libri.ucl.cas.cz/Record/pl000000405$yreview of: Łysakowski Jan, Klasa, Krajowa Agencja Wydawnicza, Rzeszów 1988$4N
=995  \\$aPolska Bibliografia Literacka$bPBL 1989-2003: książki i czasopisma

