=LDR  00814nab-a22001934u-4500
=001  pl000000425
=005  20111020
=008  980302s1988----pl\\\\\\\\\\\\\\\\\\pol\\
=040  \\$aIBL$bpol
=100  1\$aDolińska, Katarzyna$4aut
=245  10$a[no title] /$cKatarzyna Dolińska
=380  \\$iMajor genre$aSecondary literature$leng
=600  14$aŁysiak, Waldemar$d(1944- )$1http://viaf.org/viaf/102380137
=650  04$aHasła osobowe (literatura polska)
=650  \7$aPolish literature$2ELB-n
=655  \4$aRecenzja
=773  0\$tPolitechnik$x0137-8481$gR. 1988, nr 33, s. 7$91988$sPolitechnik
=856  42$uhttp://libri.ucl.cas.cz/Record/pl000000407$yreview of: Łysiak Waldemar, Łysiak na łamach, Ludowa Spółdzielnia Wydawnicza, Warszawa 1988$4N
=995  \\$aPolska Bibliografia Literacka$bPBL 1989-2003: książki i czasopisma

