=LDR  00880nab-a22001934u-4500
=001  pl000000440
=005  20091225
=008  980302s1988----pl\\\\\\\\\\\\\\\\\\pol\\
=040  \\$aIBL$bpol
=100  1\$aLeociak, Jacek$4aut
=245  10$a[no title] /$cJacek Leociak
=380  \\$iMajor genre$aSecondary literature$leng
=600  14$aOrzeszkowa, Eliza$d(1841-1910)$1http://viaf.org/viaf/44349228
=650  04$aHasła osobowe (literatura polska)
=650  \7$aPolish literature$2ELB-n
=655  \4$aRecenzja
=773  0\$tNowe Książki$x0137-8562$gR. 1988, nr 9, s. 67-68$91988$sNowe Książki
=856  42$uhttp://libri.ucl.cas.cz/Record/pl000000433$yreview of: Borkowska Grażyna, Dialog powieściowy i jego konteksty. Na podstawie twórczości Elizy Orzeszkowej, Zakład Narodowy im. Ossolińskich, Wrocław 1988$4N
=995  \\$aPolska Bibliografia Literacka$bPBL 1989-2003: książki i czasopisma

