=LDR  00788nab-a22001934u-4500
=001  pl000000445
=005  20091225
=008  980302s1988----pl\\\\\\\\\\\\\\\\\\pol\\
=040  \\$aIBL$bpol
=100  1\$aDiłanian, Dorota$4aut
=245  10$a[no title] /$cDorota Diłanian
=380  \\$iMajor genre$aSecondary literature$leng
=600  14$aGellner, Dorota$d(1961- )$1http://viaf.org/viaf/46372735
=650  04$aHasła osobowe (literatura polska)
=650  \7$aPolish literature$2ELB-n
=655  \4$aRecenzja
=773  0\$tNowe Książki$x0137-8562$gR. 1988, nr 3, s. 86$91988$sNowe Książki
=856  42$uhttp://libri.ucl.cas.cz/Record/pl000000443$yreview of: Gellner Dorota, Kredki, Zrzeszenie Księgarstwa, Warszawa 1989$4N
=995  \\$aPolska Bibliografia Literacka$bPBL 1989-2003: książki i czasopisma

