=LDR  00904nab-a22001934u-4500
=001  pl000000468
=005  20130515
=008  980302s1988----enk\\\\\\\\\\\\\\\\\pol\\
=040  \\$aIBL$bpol
=100  1\$aCybulska, Maja Elżbieta$4aut
=245  10$a[no title] /$cMaja Elżbieta Cybulska
=380  \\$iMajor genre$aSecondary literature$leng
=600  14$aOstrowska, Bronisława$d(1881-1928)$1http://viaf.org/viaf/22158796
=650  04$aHasła osobowe (literatura polska)
=650  \7$aPolish literature$2ELB-n
=655  \4$aRecenzja
=773  0\$tTydzień Polski$gR. 1988, nr 46, s. 11$91988
=856  42$uhttp://libri.ucl.cas.cz/Record/pl000000467$yreview of: Ostrowska Bronisława, Bohaterski Miś, czyli przygody niedźwiadka na wojnie. Dla dzieci od lat 10 do 100 spisała Bronisława Ostrowska, Polska Fundacja  Kulturalna, Londyn 1988$4N
=995  \\$aPolska Bibliografia Literacka$bPBL 1989-2003: książki i czasopisma

