=LDR  00814nab-a22001934u-4500
=001  pl000000489
=005  19980302
=008  980302s\nan----pl\\\\\\\\\\\\\\\\\\pol\\
=040  \\$aIBL$bpol
=100  1\$aWaśniowska, Emilia$4aut
=245  10$a[no title] /$cEmilia Waśniowska
=380  \\$iMajor genre$aSecondary literature$leng
=600  14$aBaranowska, Małgorzata$d(1945-2012)$1http://viaf.org/viaf/51839936
=650  04$aHasła osobowe (literatura polska)
=650  \7$aPolish literature$2ELB-n
=655  \4$aRecenzja
=773  0\$tSztuka dla Dziecka$x0860-3464$gR., 5/6:, 81$9$sSztuka dla Dziecka
=856  42$uhttp://libri.ucl.cas.cz/Record/pl000000487$yreview of: Baranowska Małgorzata, Jak słońce pilnowało żyrafek, Glob, Szczecin 1988$4N
=995  \\$aPolska Bibliografia Literacka$bPBL 1989-2003: książki i czasopisma

