=LDR  00787nab-a22001934u-4500
=001  pl000000491
=005  20130515
=008  980302s1988----enk\\\\\\\\\\\\\\\\\pol\\
=040  \\$aIBL$bpol
=100  1\$aGarliński, Józef$4aut
=245  10$a[no title] /$cJózef Garliński
=380  \\$iMajor genre$aSecondary literature$leng
=600  14$aBanasikowski, Edmund$d(1914-2010)$1http://viaf.org/viaf/57024555
=650  04$aHasła osobowe (literatura polska)
=650  \7$aPolish literature$2ELB-n
=655  \4$aRecenzja
=773  0\$tTydzień Polski$gR. 1988, nr 39, s. 8$91988
=856  42$uhttp://libri.ucl.cas.cz/Record/pl000000483$yreview of: Banasikowski Edmund, Na zew ziemi wileńskiej, Editions Spotkania, Paris 1988$4N
=995  \\$aPolska Bibliografia Literacka$bPBL 1989-2003: książki i czasopisma

