=LDR  00904nab-a22002054u-4500
=001  pl000000495
=005  20100510
=008  980302s1988----pl\\\\\\\\\\\\\\\\\\pol\\
=040  \\$aIBL$bpol
=100  1\$aŻywocik literacki$4aut
=245  10$a[no title] /$cŻywocik literacki
=380  \\$iMajor genre$aSecondary literature$leng
=520  2\$asprost. błędów w ks.
=600  14$aBarcikowski, Wacław$d(1887-1981)$1http://viaf.org/viaf/84288076
=650  04$aHasła osobowe (literatura polska)
=650  \7$aPolish literature$2ELB-n
=655  \4$aSprostowanie
=773  0\$tŻycie Literackie$x0591-2369$gR. 1988, nr 48, s. 16$91988$sŻycie Literackie
=856  42$uhttp://libri.ucl.cas.cz/Record/pl000000494$ycorrection of: Barcikowski Wacław, W kręgu prawa i polityki. Wspomnienia 1919-1956, Krajowa Agencja Wydawnicza, Katowice 1988$4N
=995  \\$aPolska Bibliografia Literacka$bPBL 1989-2003: książki i czasopisma

