=LDR  00812nab-a22001934u-4500
=001  pl000000506
=005  20100910
=008  980303s1988----pl\\\\\\\\\\\\\\\\\\pol\\
=040  \\$aIBL$bpol
=100  1\$aWielgut-Walczak, Jadwiga$4aut
=245  10$a[no title] /$cJadwiga Wielgut-Walczak
=380  \\$iMajor genre$aSecondary literature$leng
=600  14$aGołubiew, Antoni$d(1907-1979)$1http://viaf.org/viaf/35307363
=650  04$aHasła osobowe (literatura polska)
=650  \7$aPolish literature$2ELB-n
=655  \4$aRecenzja
=773  0\$tTygodnik Powszechny$x0041-4808$gR. 1988, nr 3, s. 6$91988$sTygodnik Powszechny
=856  42$uhttp://libri.ucl.cas.cz/Record/pl000000505$yreview of: Gołubiew Antoni, Listy do przyjaciela, Znak, Kraków 1989$4N
=995  \\$aPolska Bibliografia Literacka$bPBL 1989-2003: książki i czasopisma

