=LDR  00827nab-a22002054u-4500
=001  pl000000507
=005  20090206
=008  980303s1988----pl\\\\\\\\\\\\\\\\\\pol\\
=040  \\$aIBL$bpol
=100  1\$aKrzysztoszek, Wiesław$4aut
=245  10$a[no title] /$cWiesław Krzysztoszek
=380  \\$iMajor genre$aSecondary literature$leng
=600  14$aFrench, Paul$d(1920-1992)$1http://viaf.org/viaf/11794148
=650  04$aHasła osobowe (amerykańska)
=650  04$aLiteratury obce, Literatura amerykańska
=650  \7$aAmerican literature$2ELB-n
=655  \4$aRecenzja
=773  0\$tFakty$gR. 1988, nr 43, s. 13$91988
=856  42$uhttp://libri.ucl.cas.cz/Record/pl000000465$yreview of: Asimov Isaac, Fundacja i Imperium, Wydawnictwo Poznańskie, Poznań 1988$4N
=995  \\$aPolska Bibliografia Literacka$bPBL 1989-2003: książki i czasopisma

