=LDR  00751nab-a22001814u-4500
=001  pl000000508
=005  20100910
=008  980303s1988----enk\\\\\\\\\\\\\\\\\pol\\
=040  \\$aIBL$bpol
=245  10$a[no title] /$c[no author]
=380  \\$iMajor genre$aSecondary literature$leng
=600  14$aGołubiew, Antoni$d(1907-1979)$1http://viaf.org/viaf/35307363
=650  04$aHasła osobowe (literatura polska)
=650  \7$aPolish literature$2ELB-n
=655  \4$aRecenzja
=773  0\$tGazeta Niedzielna$x1358-832X$gR. 1988, nr 16, s. 8$91988$sGazeta Niedzielna
=856  42$uhttp://libri.ucl.cas.cz/Record/pl000000505$yreview of: Gołubiew Antoni, Listy do przyjaciela, Znak, Kraków 1989$4N
=995  \\$aPolska Bibliografia Literacka$bPBL 1989-2003: książki i czasopisma

