=LDR  00859nab-a22002174u-4500
=001  pl000000512
=005  20140526
=008  980303s1988----pl\\\\\\\\\\\\\\\\\\pol\\
=040  \\$aIBL$bpol
=100  1\$aS.M.$4aut
=245  10$a[no title] /$cS.M.
=380  \\$iMajor genre$aSecondary literature$leng
=520  2\$anot.
=600  14$aFrench, Paul$d(1920-1992)$1http://viaf.org/viaf/11794148
=650  04$aHasła osobowe (amerykańska)
=650  04$aLiteratury obce, Literatura amerykańska
=650  \7$aAmerican literature$2ELB-n
=655  \4$aRecenzja
=773  0\$tTygodnik Kulturalny$x0564-5751$gR. 1988, nr 49, s. 12$91988$sTygodnik Kulturalny
=856  42$uhttp://libri.ucl.cas.cz/Record/pl000000465$yreview of: Asimov Isaac, Fundacja i Imperium, Wydawnictwo Poznańskie, Poznań 1988$4N
=995  \\$aPolska Bibliografia Literacka$bPBL 1989-2003: książki i czasopisma

