=LDR  00858nab-a22001934u-4500
=001  pl000000515
=005  20100910
=008  980303s1988----pl\\\\\\\\\\\\\\\\\\pol\\
=040  \\$aIBL$bpol
=100  1\$aBarańczak, Stanisław$d(1946-2014)$4aut$1http://viaf.org/viaf/34467174
=245  10$a[no title] /$cStanisław Barańczak
=380  \\$iMajor genre$aSecondary literature$leng
=600  14$aGombrowicz, Witold$d(1904-1969)$1http://viaf.org/viaf/97857022
=650  04$aHasła osobowe (literatura polska)
=650  \7$aPolish literature$2ELB-n
=655  \4$aRecenzja
=773  0\$tPrzegląd Polski = Polish Review$gR. 1988, nr z 6 X, s. 2-3$91988
=856  42$uhttp://libri.ucl.cas.cz/Record/pl000000514$yreview of: Gombrowicz Witold, Diary, Northwestern University Press, Evanston, Ill. 1988$4N
=995  \\$aPolska Bibliografia Literacka$bPBL 1989-2003: książki i czasopisma

