=LDR  00833nab-a22001934u-4500
=001  pl000000516
=005  20091225
=008  980303s1988----fr\\\\\\\\\\\\\\\\\\pol\\
=040  \\$aIBL$bpol
=100  1\$aMiłosz, Czesław$d(1911-2004)$4aut$1http://viaf.org/viaf/110389400
=245  10$a[no title] /$cCzesław Miłosz
=380  \\$iMajor genre$aSecondary literature$leng
=600  14$aGombrowicz, Witold$d(1904-1969)$1http://viaf.org/viaf/97857022
=650  04$aHasła osobowe (literatura polska)
=650  \7$aPolish literature$2ELB-n
=655  \4$aRecenzja
=773  0\$tKultura [Paryż]$gR. 1988, nr 6, s. 121-131$91988
=856  42$uhttp://libri.ucl.cas.cz/Record/pl000000514$yreview of: Gombrowicz Witold, Diary, Northwestern University Press, Evanston, Ill. 1988$4N
=995  \\$aPolska Bibliografia Literacka$bPBL 1989-2003: książki i czasopisma

