=LDR  00820nab-a22002054u-4500
=001  pl000000525
=005  20130304
=008  980303s1988----pl\\\\\\\\\\\\\\\\\\pol\\
=040  \\$aIBL$bpol
=245  10$a[no title] /$c[no author]
=380  \\$iMajor genre$aSecondary literature$leng
=520  2\$anota
=600  14$aBenét, S. V. (Stephen Vincent)$d(1827-1895)$1http://viaf.org/viaf/100260729
=650  04$aHasła osobowe (amerykańska)
=650  04$aLiteratury obce, Literatura amerykańska
=650  \7$aAmerican literature$2ELB-n
=655  \4$aRecenzja
=773  0\$tmF5 magazyn Faktów$gR. 1988, nr 6, s. 18$91988
=856  42$uhttp://libri.ucl.cas.cz/Record/pl000000520$yreview of: Benet Stephen Vincent, Nad rzekami Babilonu, Iskry, Warszawa 1988$4N
=995  \\$aPolska Bibliografia Literacka$bPBL 1989-2003: książki i czasopisma

