=LDR  00906nab-a22002054u-4500
=001  pl000000538
=005  20090206
=008  980303s1988----pl\\\\\\\\\\\\\\\\\\pol\\
=040  \\$aIBL$bpol
=100  1\$aBaranowska, Agnieszka$d(1819-1890)$4aut$1http://viaf.org/viaf/102174722
=245  10$aWestern w książce /$cAgnieszka Baranowska
=380  \\$iMajor genre$aSecondary literature$leng
=600  14$aBerger, Thomas$d(1924-2014)$1http://viaf.org/viaf/110273087
=650  04$aHasła osobowe (amerykańska)
=650  04$aLiteratury obce, Literatura amerykańska
=650  \7$aAmerican literature$2ELB-n
=655  \4$aRecenzja
=773  0\$tKultura [Warszawa]$gR. 1988, nr 46, s. 8$91988
=856  42$uhttp://libri.ucl.cas.cz/Record/pl000000527$yreview of: Berger Thomas, Mały Wielki Człowiek, Państwowy Instytut Wydawniczy, Warszawa 1988$4N
=995  \\$aPolska Bibliografia Literacka$bPBL 1989-2003: książki i czasopisma

