=LDR  00893nab-a22002174u-4500
=001  pl000000540
=005  20140529
=008  980303s1988----pl\\\\\\\\\\\\\\\\\\pol\\
=040  \\$aIBL$bpol
=100  1\$aBugajski, Leszek$4aut
=245  10$a[no title] /$cLeszek Bugajski
=380  \\$iMajor genre$aSecondary literature$leng
=520  2\$anota
=600  14$aBerger, Thomas$d(1924-2014)$1http://viaf.org/viaf/110273087
=650  04$aHasła osobowe (amerykańska)
=650  04$aLiteratury obce, Literatura amerykańska
=650  \7$aAmerican literature$2ELB-n
=655  \4$aRecenzja
=773  0\$tŻycie Literackie$x0591-2369$gR. 1988, nr 19, s. 15$91988$sŻycie Literackie
=856  42$uhttp://libri.ucl.cas.cz/Record/pl000000527$yreview of: Berger Thomas, Mały Wielki Człowiek, Państwowy Instytut Wydawniczy, Warszawa 1988$4N
=995  \\$aPolska Bibliografia Literacka$bPBL 1989-2003: książki i czasopisma

