=LDR  00816nab-a22001934u-4500
=001  pl000000550
=005  20100910
=008  980303s1988----fr\\\\\\\\\\\\\\\\\\pol\\
=040  \\$aIBL$bpol
=100  1\$aBau, Zdzisław$4aut
=245  10$a[no title] /$cZdzisław Bau
=380  \\$iMajor genre$aSecondary literature$leng
=600  14$aGombrowicz, Witold$d(1904-1969)$1http://viaf.org/viaf/97857022
=650  04$aHasła osobowe (literatura polska)
=650  \7$aPolish literature$2ELB-n
=655  \4$aRecenzja
=773  0\$tZeszyty Literackie$gR. 1988, nr 22, s. 154$91988
=856  42$uhttp://libri.ucl.cas.cz/Record/pl000000548$yreview of: Gombrowicz Rita, Gombrowicz w Argentynie. Świadectwa i dokumenty 1939-1963, Wydawnictwo "Myśl", Warszawa 1988$4N
=995  \\$aPolska Bibliografia Literacka$bPBL 1989-2003: książki i czasopisma

