=LDR  00845nab-a22001934u-4500
=001  pl000000552
=005  20120702
=008  980303s1988-----us\\\\\\\\\\\\\\\\\\\\\\
=040  \\$aIBL$bpol
=100  1\$aCarls, Alice-Catherine$4aut
=245  10$a[no title] /$cAlice-Catherine Carls
=380  \\$iMajor genre$aSecondary literature$leng
=600  14$aGombrowicz, Witold$d(1904-1969)$1http://viaf.org/viaf/97857022
=650  04$aHasła osobowe (literatura polska)
=650  \7$aPolish literature$2ELB-n
=655  \4$aRecenzja
=773  0\$tWorld Literature Today$gR. 1988, t. 62 nr 4, s. 687-688$91988
=856  42$uhttp://libri.ucl.cas.cz/Record/pl000000548$yreview of: Gombrowicz Rita, Gombrowicz w Argentynie. Świadectwa i dokumenty 1939-1963, Wydawnictwo "Myśl", Warszawa 1988$4N
=995  \\$aPolska Bibliografia Literacka$bPBL 1989-2003: książki i czasopisma

