=LDR  00840nab-a22001934u-4500
=001  pl000000553
=005  20100910
=008  980303s1988----pl\\\\\\\\\\\\\\\\\\pol\\
=040  \\$aIBL$bpol
=100  1\$aZieliński, Jan$4aut
=245  10$a[no title] /$cJan Zieliński
=380  \\$iMajor genre$aSecondary literature$leng
=600  14$aGombrowicz, Witold$d(1904-1969)$1http://viaf.org/viaf/97857022
=650  04$aHasła osobowe (literatura polska)
=650  \7$aPolish literature$2ELB-n
=655  \4$aRecenzja
=773  0\$tPrzegląd Polski = Polish Review$gR. 1988, nr z 29 XII, s. 6, 13$91988
=856  42$uhttp://libri.ucl.cas.cz/Record/pl000000548$yreview of: Gombrowicz Rita, Gombrowicz w Argentynie. Świadectwa i dokumenty 1939-1963, Wydawnictwo "Myśl", Warszawa 1988$4N
=995  \\$aPolska Bibliografia Literacka$bPBL 1989-2003: książki i czasopisma

