=LDR  00783nab-a22001934u-4500
=001  pl000000555
=005  20090206
=008  980303s1988----pl\\\\\\\\\\\\\\\\\\pol\\
=040  \\$aIBL$bpol
=245  10$a[no title] /$c[no author]
=380  \\$iMajor genre$aSecondary literature$leng
=600  14$aCaldwell, Erskine$d(1903-1987)$1http://viaf.org/viaf/46758305
=650  04$aHasła osobowe (amerykańska)
=650  04$aLiteratury obce, Literatura amerykańska
=650  \7$aAmerican literature$2ELB-n
=655  \4$aRecenzja
=773  0\$tKultura [Warszawa]$gR. 1988, nr 46, s. 10$91988
=856  42$uhttp://libri.ucl.cas.cz/Record/pl000000551$yreview of: Caldwell Erskine, Blisko domu, Książka i Wiedza, Warszawa 1988$4N
=995  \\$aPolska Bibliografia Literacka$bPBL 1989-2003: książki i czasopisma

