=LDR  00850nab-a22002054u-4500
=001  pl000000570
=005  20100521
=008  980303s1988----pl\\\\\\\\\\\\\\\\\\pol\\
=040  \\$aIBL$bpol
=100  1\$aLichański, Jakub Zdzisław$4aut
=245  10$a[no title] /$cJakub Zdzisław Lichański
=380  \\$iMajor genre$aSecondary literature$leng
=600  14$aChandler, Raymond$d(1888-1959)$1http://viaf.org/viaf/39374901
=650  04$aHasła osobowe (amerykańska)
=650  04$aLiteratury obce, Literatura amerykańska
=650  \7$aAmerican literature$2ELB-n
=655  \4$aRecenzja
=773  0\$tŚwiat Książki$gR. 1988, nr 7, s. 15$91988
=856  42$uhttp://libri.ucl.cas.cz/Record/pl000000566$yreview of: Chandler Raymond, Czysta robota. Opowiadania, Czytelnik, Warszawa 1988$4N
=995  \\$aPolska Bibliografia Literacka$bPBL 1989-2003: książki i czasopisma

