=LDR  00802nab-a22001934u-4500
=001  pl000000573
=005  20100521
=008  980303s1988----pl\\\\\\\\\\\\\\\\\\pol\\
=040  \\$aIBL$bpol
=100  1\$aIwasiów, Inga$4aut
=245  10$a[no title] /$cInga Iwasiów
=380  \\$iMajor genre$aSecondary literature$leng
=600  14$aFleszarowa-Muskat, Stanisława$d(1919-1989)$1http://viaf.org/viaf/67899058
=650  04$aHasła osobowe (literatura polska)
=650  \7$aPolish literature$2ELB-n
=655  \4$aRecenzja
=773  0\$tŚwiat Książki$gR. 1988, nr 4, s. 17$91988
=856  42$uhttp://libri.ucl.cas.cz/Record/pl000000571$yreview of: Fleszarowa-Muskat Stanisława, Pod jednym dachem, pod jednym niebiem, Glob, Szczecin 1988$4N
=995  \\$aPolska Bibliografia Literacka$bPBL 1989-2003: książki i czasopisma

