=LDR  00847nab-a22002054u-4500
=001  pl000000585
=005  20091225
=008  980303s1988----pl\\\\\\\\\\\\\\\\\\pol\\
=040  \\$aIBL$bpol
=100  1\$aKlukowski, Bogdan$4aut
=245  10$a[no title] /$cBogdan Klukowski
=380  \\$iMajor genre$aSecondary literature$leng
=520  2\$a[z fot.].
=600  14$aGordon, Barbara$d(1918-1987)$1http://viaf.org/viaf/56749119
=650  04$aHasła osobowe (literatura polska)
=650  \7$aPolish literature$2ELB-n
=655  \4$aRecenzja
=773  0\$tNowe Książki$x0137-8562$gR. 1988, nr 6, s. 89-90$91988$sNowe Książki
=856  42$uhttp://libri.ucl.cas.cz/Record/pl000000584$yreview of: Gordon Barbara, Rozbite gniazda, Wydawnictwo Ministerstwa Obrony Narodowej, Warszawa 1988$4N
=995  \\$aPolska Bibliografia Literacka$bPBL 1989-2003: książki i czasopisma

