=LDR  00897nab-a22002054u-4500
=001  pl000000592
=005  20110525
=008  980303s1988----pl\\\\\\\\\\\\\\\\\\pol\\
=040  \\$aIBL$bpol
=100  1\$a(P.L.)$4aut
=245  10$a[no title] /$c(P.L.)
=380  \\$iMajor genre$aSecondary literature$leng
=600  14$aFogler, Janusz$d(1950- )$1http://viaf.org/viaf/72536424
=650  04$aHasła osobowe (literatura polska)
=650  \7$aPolish literature$2ELB-n
=655  \4$aRecenzja
=773  0\$tKontynenty$gR. 1988, nr 11, s. 27$91988
=856  42$uhttp://libri.ucl.cas.cz/Record/pl000000588$yreview of: Fogler Janusz, Bajkał to jest Bajkał, Młodzieżowa Agencja Wydawnicza, Warszawa 1988$4N
=856  42$uhttp://libri.ucl.cas.cz/Record/pl000000588$yreview of: Fogler Janusz, Bajkał to jest Bajkał, Progress, Moskva 1988$4N
=995  \\$aPolska Bibliografia Literacka$bPBL 1989-2003: książki i czasopisma

