=LDR  00948nab-a22002054u-4500
=001  pl000000594
=005  20120412
=008  980303s1988----pl\\\\\\\\\\\\\\\\\\pol\\
=040  \\$aIBL$bpol
=100  1\$aSzulczewski, Michał$4aut
=245  10$a[no title] /$cMichał Szulczewski
=380  \\$iMajor genre$aSecondary literature$leng
=600  14$aFogler, Janusz$d(1950- )$1http://viaf.org/viaf/72536424
=650  04$aHasła osobowe (literatura polska)
=650  \7$aPolish literature$2ELB-n
=655  \4$aRecenzja
=773  0\$tWidnokręgi$x0043-5244$gR. 1988, nr 8, s. 23$91988$sWidnokręgi
=856  42$uhttp://libri.ucl.cas.cz/Record/pl000000588$yreview of: Fogler Janusz, Bajkał to jest Bajkał, Młodzieżowa Agencja Wydawnicza, Warszawa 1988$4N
=856  42$uhttp://libri.ucl.cas.cz/Record/pl000000588$yreview of: Fogler Janusz, Bajkał to jest Bajkał, Progress, Moskva 1988$4N
=995  \\$aPolska Bibliografia Literacka$bPBL 1989-2003: książki i czasopisma

