=LDR  00809nab-a22002054u-4500
=001  pl000000597
=005  20121205
=008  980303s1988----pl\\\\\\\\\\\\\\\\\\pol\\
=040  \\$aIBL$bpol
=100  1\$aG.W.$4aut
=245  10$a[no title] /$cG.W.
=380  \\$iMajor genre$aSecondary literature$leng
=600  14$aCondon, Richard$d(1915-1996)$1http://viaf.org/viaf/63975603
=650  04$aHasła osobowe (amerykańska)
=650  04$aLiteratury obce, Literatura amerykańska
=650  \7$aAmerican literature$2ELB-n
=655  \4$aRecenzja
=773  0\$tŚwiat Książki$gR. 1988, nr 4, s. 18-19$91988
=856  42$uhttp://libri.ucl.cas.cz/Record/pl000000572$yreview of: Condon Richard, Honor Prizzich, Krajowa Agencja Wydawnicza, Warszawa 1989$4N
=995  \\$aPolska Bibliografia Literacka$bPBL 1989-2003: książki i czasopisma

