=LDR  00860nab-a22001934u-4500
=001  pl000000606
=005  20100614
=008  980303s1988----pl\\\\\\\\\\\\\\\\\\pol\\
=040  \\$aIBL$bpol
=100  1\$aKuczkowski, Krzysztof$d(1955- )$4aut$1http://viaf.org/viaf/7333545
=245  10$a[no title] /$cKrzysztof Kuczkowski
=380  \\$iMajor genre$aSecondary literature$leng
=600  14$aBauer, Anna Maria$d(1956- )$1http://viaf.org/viaf/164202604
=650  04$aHasła osobowe (literatura polska)
=650  \7$aPolish literature$2ELB-n
=655  \4$aRecenzja
=773  0\$tNurt [Poznań]$gR. 1988, nr 4, s. 32$91988
=856  42$uhttp://libri.ucl.cas.cz/Record/pl000000605$yreview of: Bauer Anna, Strumienność. Poemat melodramatyczny, Galeria autorska J. Solińskiego i J. Kaji, Bydgoszcz 1988$4N
=995  \\$aPolska Bibliografia Literacka$bPBL 1989-2003: książki i czasopisma

