=LDR  00820nab-a22002054u-4500
=001  pl000000608
=005  20121205
=008  980303s1988----pl\\\\\\\\\\\\\\\\\\pol\\
=040  \\$aIBL$bpol
=100  1\$aZatorski, Janusz$4aut
=245  10$a[no title] /$cJanusz Zatorski
=380  \\$iMajor genre$aSecondary literature$leng
=600  14$aDickey, James$d(1923-1997)$1http://viaf.org/viaf/109230203
=650  04$aHasła osobowe (amerykańska)
=650  04$aLiteratury obce, Literatura amerykańska
=650  \7$aAmerican literature$2ELB-n
=655  \4$aRecenzja
=773  0\$tKierunki$gR. 1988, nr 30, s. 12$91988
=856  42$uhttp://libri.ucl.cas.cz/Record/pl000000601$yreview of: Dickey James Lafayette, Wybawienie, Wydawnictwo Literackie, Kraków 1989$4N
=995  \\$aPolska Bibliografia Literacka$bPBL 1989-2003: książki i czasopisma

