=LDR  00822nab-a22002054u-4500
=001  pl000000612
=005  20090201
=008  980303s1988----pl\\\\\\\\\\\\\\\\\\pol\\
=040  \\$aIBL$bpol
=100  1\$aMiedziński, Ziemowit$4aut
=245  10$a[no title] /$cZiemowit Miedziński
=380  \\$iMajor genre$aSecondary literature$leng
=600  14$aDouglas, Lloyd C., (Lloyd Cassel)$d(1877-1951)$1http://viaf.org/viaf/76521596
=650  04$aHasła osobowe (amerykańska)
=650  04$aLiteratury obce, Literatura amerykańska
=650  \7$aAmerican literature$2ELB-n
=655  \4$aRecenzja
=773  0\$tKierunki$gR. 1988, nr 7, s. 4$91988
=856  42$uhttp://libri.ucl.cas.cz/Record/pl000000611$yreview of: Douglas Lloyd Cassel, Szata, Pax, Warszawa 1989$4N
=995  \\$aPolska Bibliografia Literacka$bPBL 1989-2003: książki i czasopisma

