=LDR  00885nab-a22002054u-4500
=001  pl000000625
=005  20090206
=008  980304s1988----pl\\\\\\\\\\\\\\\\\\pol\\
=040  \\$aIBL$bpol
=100  1\$aSowińska, Beata$4aut
=245  10$a[no title] /$cBeata Sowińska
=380  \\$iMajor genre$aSecondary literature$leng
=600  14$aFitzgerald, F. Scott (Francis Scott)$d(1896-1940)$1http://viaf.org/viaf/100254195
=650  04$aHasła osobowe (amerykańska)
=650  04$aLiteratury obce, Literatura amerykańska
=650  \7$aAmerican literature$2ELB-n
=655  \4$aRecenzja
=773  0\$tŻycie Warszawy$x0137-9437$gR. 1988, nr 214, s. 7$91988$sŻycie Warszawy
=856  42$uhttp://libri.ucl.cas.cz/Record/pl000000624$yreview of: Fitzgerald Francis Scott, Ostatni z wielkich, Książka i Wiedza, Warszawa 1988$4N
=995  \\$aPolska Bibliografia Literacka$bPBL 1989-2003: książki i czasopisma

