=LDR  00829nab-a22002054u-4500
=001  pl000000631
=005  20090206
=008  980304s1988----pl\\\\\\\\\\\\\\\\\\pol\\
=040  \\$aIBL$bpol
=100  1\$aStarosta, Ewa$4aut
=245  10$a[no title] /$cEwa Starosta
=380  \\$iMajor genre$aSecondary literature$leng
=600  14$aGunn, James E$d(1923-2020)$1http://viaf.org/viaf/79026940
=650  04$aHasła osobowe (amerykańska)
=650  04$aLiteratury obce, Literatura amerykańska
=650  \7$aAmerican literature$2ELB-n
=655  \4$aRecenzja
=773  0\$tmF5 magazyn Faktów$gR. 1988, nr 5, s. 18$91988
=856  42$uhttp://libri.ucl.cas.cz/Record/pl000000628$yreview of: Gunn James Edwin, Zamknięty świat, Krajowa Agencja Wydawnicza, Warszawa 1988$4N
=995  \\$aPolska Bibliografia Literacka$bPBL 1989-2003: książki i czasopisma

