=LDR  00759nab-a22001934u-4500
=001  pl000000640
=005  20100202
=008  980304s1988----pl\\\\\\\\\\\\\\\\\\pol\\
=040  \\$aIBL$bpol
=100  1\$aŻuliński, Leszek$4aut
=245  10$a[no title] /$cLeszek Żuliński
=380  \\$iMajor genre$aSecondary literature$leng
=600  14$aFranczak, Stanisław$d(1946-2019)$1http://viaf.org/viaf/78623786
=650  04$aHasła osobowe (literatura polska)
=650  \7$aPolish literature$2ELB-n
=655  \4$aRecenzja
=773  0\$tLiteratura$gR. 1988, nr 10, s. 72-73$91988
=856  42$uhttp://libri.ucl.cas.cz/Record/pl000000635$yreview of: Franczak Stanisław, We mgle, Iskry, Warszawa 1988$4N
=995  \\$aPolska Bibliografia Literacka$bPBL 1989-2003: książki i czasopisma

