=LDR  00825nab-a22002054u-4500
=001  pl000000641
=005  20090206
=008  980304s1988----pl\\\\\\\\\\\\\\\\\\pol\\
=040  \\$aIBL$bpol
=100  1\$aKrzysztoszek, Wiesław$4aut
=245  10$a[no title] /$cWiesław Krzysztoszek
=380  \\$iMajor genre$aSecondary literature$leng
=600  14$aHammett, Dashiell$d(1894-1961)$1http://viaf.org/viaf/73854531
=650  04$aHasła osobowe (amerykańska)
=650  04$aLiteratury obce, Literatura amerykańska
=650  \7$aAmerican literature$2ELB-n
=655  \4$aRecenzja
=773  0\$tFakty$gR. 1988, nr 27, s. 10$91988
=856  42$uhttp://libri.ucl.cas.cz/Record/pl000000639$yreview of: Hammett Samuel Dashiell, Sokół maltański, Iskry, Warszawa 1988$4N
=995  \\$aPolska Bibliografia Literacka$bPBL 1989-2003: książki i czasopisma

