=LDR  00856nab-a22002054u-4500
=001  pl000000661
=005  20100510
=008  980304s1988----pl\\\\\\\\\\\\\\\\\\pol\\
=040  \\$aIBL$bpol
=100  1\$aBugajski, Leszek$4aut
=245  10$a[no title] /$cLeszek Bugajski
=380  \\$iMajor genre$aSecondary literature$leng
=650  04$aAntologie i zbiory (radziecka)
=650  04$aLiteratury obce, Literatura radziecka
=650  \7$aAnthology$2ELB-g
=650  \7$aSoviet literature$2ELB-n
=655  \4$aRecenzja
=773  0\$tŻycie Literackie$x0591-2369$gR. 1988, nr 45, s. 15$91988$sŻycie Literackie
=856  42$uhttp://libri.ucl.cas.cz/Record/pl000000658$yreview of: [no author], Nie zawsze pech, nie zawsze szczęście. Opowiadania o miłości, Wydawnictwo Literackie, Kraków 1988$4N
=995  \\$aPolska Bibliografia Literacka$bPBL 1989-2003: książki i czasopisma

