=LDR  00787nab-a22001934u-4500
=001  pl000000669
=005  20090306
=008  980304s1988----pl\\\\\\\\\\\\\\\\\\pol\\
=040  \\$aIBL$bpol
=100  1\$aDOM$4aut
=245  10$a[no title] /$cDOM
=380  \\$iMajor genre$aSecondary literature$leng
=600  14$aTerlecki, Olgierd$d(1922-1986)$1http://viaf.org/viaf/263767155
=650  04$aHasła osobowe (literatura polska)
=650  \7$aPolish literature$2ELB-n
=655  \4$aRecenzja
=773  0\$tŻycie Literackie$x0591-2369$gR. 1988, nr 25, s. 11$91988$sŻycie Literackie
=856  42$uhttp://libri.ucl.cas.cz/Record/pl000000668$yreview of: Terlecki Olgierd, Kuzynek diabła, Krajowa Agencja Wydawnicza, Kraków 1988$4N
=995  \\$aPolska Bibliografia Literacka$bPBL 1989-2003: książki i czasopisma

