=LDR  00850nab-a22002054u-4500
=001  pl000000672
=005  20090228
=008  980304s1988----pl\\\\\\\\\\\\\\\\\\pol\\
=040  \\$aIBL$bpol
=100  1\$aKrzysztoszek, Wiesław$4aut
=245  10$a[no title] /$cWiesław Krzysztoszek
=380  \\$iMajor genre$aSecondary literature$leng
=600  14$aHawthorne, Nathaniel$d(1804-1864)$1http://viaf.org/viaf/44435463
=650  04$aHasła osobowe (amerykańska)
=650  04$aLiteratury obce, Literatura amerykańska
=650  \7$aAmerican literature$2ELB-n
=655  \4$aRecenzja
=773  0\$tFakty$gR. 1988, nr 8, s. 9-10$91988
=856  42$uhttp://libri.ucl.cas.cz/Record/pl000000670$yreview of: Hawthorne Nathaniel, Opowieści z zaczarowanego lasu, Nasza Księgarnia, Warszawa 1989$4N
=995  \\$aPolska Bibliografia Literacka$bPBL 1989-2003: książki i czasopisma

