=LDR  00837nab-a22001934u-4500
=001  pl000000684
=005  20100510
=008  980305s1988----pl\\\\\\\\\\\\\\\\\\pol\\
=040  \\$aIBL$bpol
=100  1\$aDziwisz, Elżbieta$4aut
=245  10$a[no title] /$cElżbieta Dziwisz
=380  \\$iMajor genre$aSecondary literature$leng
=600  14$aOsuchowski, Przemysław$d(1961- )$1http://viaf.org/viaf/162444889
=650  04$aHasła osobowe (literatura polska)
=650  \7$aPolish literature$2ELB-n
=655  \4$aRecenzja
=773  0\$tŻycie Literackie$x0591-2369$gR. 1988, nr 38, s. 10$91988$sŻycie Literackie
=856  42$uhttp://libri.ucl.cas.cz/Record/pl000000682$yreview of: Osuchowski Przemysław, Gra o życie, Państwowy Zakład Wydawnictw Lekarskich, Warszawa 1988$4N
=995  \\$aPolska Bibliografia Literacka$bPBL 1989-2003: książki i czasopisma

