=LDR  00821nab-a22001934u-4500
=001  pl000000687
=005  20091225
=008  980305s1988----pl\\\\\\\\\\\\\\\\\\pol\\
=040  \\$aIBL$bpol
=100  1\$aZieliński, Stanisław$4aut
=245  10$a[no title] /$cStanisław Zieliński
=380  \\$iMajor genre$aSecondary literature$leng
=600  14$aTerlecki, Olgierd$d(1922-1986)$1http://viaf.org/viaf/263767155
=650  04$aHasła osobowe (literatura polska)
=650  \7$aPolish literature$2ELB-n
=655  \4$aRecenzja
=773  0\$tNowe Książki$x0137-8562$gR. 1988, nr 11, s. 13-14$91988$sNowe Książki
=856  42$uhttp://libri.ucl.cas.cz/Record/pl000000668$yreview of: Terlecki Olgierd, Kuzynek diabła, Krajowa Agencja Wydawnicza, Kraków 1988$4N
=995  \\$aPolska Bibliografia Literacka$bPBL 1989-2003: książki i czasopisma

