=LDR  00794nab-a22001934u-4500
=001  pl000000695
=005  20090306
=008  980305s1988----pl\\\\\\\\\\\\\\\\\\pol\\
=040  \\$aIBL$bpol
=100  1\$aella$4aut
=245  10$a[no title] /$cella
=380  \\$iMajor genre$aSecondary literature$leng
=600  14$aTerlecki, Tymon$d(1905-2000)$1http://viaf.org/viaf/49240301
=650  04$aHasła osobowe (literatura polska)
=650  \7$aPolish literature$2ELB-n
=655  \4$aRecenzja
=773  0\$tPrzegląd Polski = Polish Review$gR. 1988, nr z 3 XI, s. 13$91988
=856  42$uhttp://libri.ucl.cas.cz/Record/pl000000689$yreview of: Terlecki Tymon, Krytyka personalistyczna. Egzystencjalizm chrześcijański, Znak, Kraków 1989$4N
=995  \\$aPolska Bibliografia Literacka$bPBL 1989-2003: książki i czasopisma

