=LDR  00830nab-a22001814u-4500
=001  pl000000699
=005  20090308
=008  980305s1988----pl\\\\\\\\\\\\\\\\\\pol\\
=040  \\$aIBL$bpol
=100  1\$aGoszczyński, Andrzej$4aut
=245  10$a[no title] /$cAndrzej Goszczyński
=380  \\$iMajor genre$aSecondary literature$leng
=650  04$aStylistyka
=655  \4$aRecenzja
=773  0\$tPolityka$x0032-3500$gR. 1988, nr 48, s. 8$91988$sPolityka
=856  42$uhttp://libri.ucl.cas.cz/Record/pl000000690$yreview of: Johnson Mark, Metafory w naszym życiu, Państwowe Wydawnictwo Naukowe, Warszawa 1989$4N
=856  42$uhttp://libri.ucl.cas.cz/Record/pl000000690$yreview of: Lakoff George, Metafory w naszym życiu, Państwowe Wydawnictwo Naukowe, Warszawa 1989$4N
=995  \\$aPolska Bibliografia Literacka$bPBL 1989-2003: książki i czasopisma

