=LDR  00734nab-a22001814u-4500
=001  pl000000701
=005  20090306
=008  980305s1988----pl\\\\\\\\\\\\\\\\\\pol\\
=040  \\$aIBL$bpol
=245  10$a[no title] /$c[no author]
=380  \\$iMajor genre$aSecondary literature$leng
=600  14$aTerlecki, Władysław$d(1933-1999)$1http://viaf.org/viaf/78771231
=650  04$aHasła osobowe (literatura polska)
=650  \7$aPolish literature$2ELB-n
=655  \4$aRecenzja
=773  0\$tScena$gR. 1988, nr 11, s. 31$91988
=856  42$uhttp://libri.ucl.cas.cz/Record/pl000000698$yreview of: Terlecki Władysław Lech, Cyklop, Wydawnictwo Teatru Polskiego, Warszawa 1988$4N
=995  \\$aPolska Bibliografia Literacka$bPBL 1989-2003: książki i czasopisma

