=LDR  00797nab-a22001934u-4500
=001  pl000000703
=005  20090709
=008  980305s1988----pl\\\\\\\\\\\\\\\\\\pol\\
=040  \\$aIBL$bpol
=100  1\$aMiłkowski, Tomasz$4aut
=245  10$a[no title] /$cTomasz Miłkowski
=380  \\$iMajor genre$aSecondary literature$leng
=600  14$aTerlecki, Władysław$d(1933-1999)$1http://viaf.org/viaf/78771231
=650  04$aHasła osobowe (literatura polska)
=650  \7$aPolish literature$2ELB-n
=655  \4$aRecenzja
=773  0\$tKultura [Warszawa]$gR. 1988, nr 50, s. 8$91988
=856  42$uhttp://libri.ucl.cas.cz/Record/pl000000702$yreview of: Terlecki Władysław Lech, Drabina Jakubowa albo podróż, Czytelnik, Warszawa 1988$4N
=995  \\$aPolska Bibliografia Literacka$bPBL 1989-2003: książki i czasopisma

