=LDR  00840nab-a22001934u-4500
=001  pl000000711
=005  20090306
=008  980305s1988----pl\\\\\\\\\\\\\\\\\\pol\\
=040  \\$aIBL$bpol
=100  1\$aJanusewicz, Ludmiła$d(1950- )$4aut$1http://viaf.org/viaf/162220702
=245  10$a[no title] /$cLudmiła Janusewicz
=380  \\$iMajor genre$aSecondary literature$leng
=600  14$aTerlecki, Władysław$d(1933-1999)$1http://viaf.org/viaf/78771231
=650  04$aHasła osobowe (literatura polska)
=650  \7$aPolish literature$2ELB-n
=655  \4$aRecenzja
=773  0\$tPobrzeże$gR. 1988, nr 12, s. 15$91988
=856  42$uhttp://libri.ucl.cas.cz/Record/pl000000709$yreview of: Terlecki Władysław Lech, Wieniec dla sprawiedliwego, Książka i Wiedza, Warszawa 1988$4N
=995  \\$aPolska Bibliografia Literacka$bPBL 1989-2003: książki i czasopisma

