=LDR  00786nab-a22001934u-4500
=001  pl000000712
=005  20090224
=008  980305s1988----pl\\\\\\\\\\\\\\\\\\pol\\
=040  \\$aIBL$bpol
=100  1\$aMazur, Bożena$4aut
=245  10$a[no title] /$cBożena Mazur
=380  \\$iMajor genre$aSecondary literature$leng
=600  14$aOzga-Michalski, Józef$d(1919-2002)$1http://viaf.org/viaf/34862661
=650  04$aHasła osobowe (literatura polska)
=650  \7$aPolish literature$2ELB-n
=655  \4$aRecenzja
=773  0\$tŚwiat Książki$gR. 1988, nr 6, s. 6$91988
=856  42$uhttp://libri.ucl.cas.cz/Record/pl000000706$yreview of: Ozga Michalski Józef, Ujawnienia, Ludowa Spółdzielnia Wydawnicza, Warszawa 1988$4N
=995  \\$aPolska Bibliografia Literacka$bPBL 1989-2003: książki i czasopisma

