=LDR  00802nab-a22001934u-4500
=001  pl000000718
=005  20140605
=008  980305s1988----pl\\\\\\\\\\\\\\\\\\pol\\
=040  \\$aIBL$bpol
=100  1\$azb.$4aut
=245  10$a[no title] /$czb.
=380  \\$iMajor genre$aSecondary literature$leng
=600  14$aOzga-Michalski, Józef$d(1919-2002)$1http://viaf.org/viaf/34862661
=650  04$aHasła osobowe (literatura polska)
=650  \7$aPolish literature$2ELB-n
=655  \4$aRecenzja
=773  0\$tDodatek Literacki$x2081-7789$gR. 1988, nr z 27 XI, s. 3$91988$sDodatek Literacki
=856  42$uhttp://libri.ucl.cas.cz/Record/pl000000706$yreview of: Ozga Michalski Józef, Ujawnienia, Ludowa Spółdzielnia Wydawnicza, Warszawa 1988$4N
=995  \\$aPolska Bibliografia Literacka$bPBL 1989-2003: książki i czasopisma

