=LDR  00762nab-a22001934u-4500
=001  pl000000729
=005  20090306
=008  980305s1988----pl\\\\\\\\\\\\\\\\\\pol\\
=040  \\$aIBL$bpol
=245  10$a[no title] /$c[no author]
=380  \\$iMajor genre$aSecondary literature$leng
=520  2\$a[nota].
=600  14$aTeschke, Marek$d(1936- )$1http://viaf.org/viaf/102053157
=650  04$aHasła osobowe (literatura polska)
=650  \7$aPolish literature$2ELB-n
=655  \4$aRecenzja
=773  0\$tŚwiat Książki$gR. 1988, nr 4, s. 14$91988
=856  42$uhttp://libri.ucl.cas.cz/Record/pl000000727$yreview of: Teschke Marek, Biała opowieść, Ludowa Spółdzielnia Wydawnicza, Warszawa 1988$4N
=995  \\$aPolska Bibliografia Literacka$bPBL 1989-2003: książki i czasopisma

