=LDR  00874nab-a22001934u-4500
=001  pl000000747
=005  20130325
=008  980305s1988----enk\\\\\\\\\\\\\\\\\pol\\
=040  \\$aIBL$bpol
=100  1\$aGrafczyński, Przemko Maria$4aut
=245  10$a[no title] /$cPrzemko Maria Grafczyński
=380  \\$iMajor genre$aSecondary literature$leng
=600  14$aBednarczyk, Czesław$d(1912-1994)$1http://viaf.org/viaf/36932465
=650  04$aHasła osobowe (literatura polska)
=650  \7$aPolish literature$2ELB-n
=655  \4$aRecenzja
=773  0\$tDziennik Polski i Dziennik Żołnierza = The Polish Daily and Soldiers Daily$gR. 1988, nr 201, s. 6$91988
=856  42$uhttp://libri.ucl.cas.cz/Record/pl000000742$yreview of: Bednarczyk Czesław, Kubuś my friend the cat, Poets and Painters Press, London 1988$4N
=995  \\$aPolska Bibliografia Literacka$bPBL 1989-2003: książki i czasopisma

