=LDR  00926nab-a22002534u-4500
=001  pl000000762
=005  20121205
=008  980305s1988----pl\\\\\\\\\\\\\\\\\\pol\\
=040  \\$aIBL$bpol
=100  1\$aJabłońska, Anna$4aut
=245  10$a[no title] /$cAnna Jabłońska
=380  \\$iMajor genre$aSecondary literature$leng
=520  2\$a[nota].
=650  04$aBaśń
=650  04$aGenologia, Bajka
=650  04$aGenologia, Baśń
=650  04$aLiteratura dla dzieci i młodzieży
=650  \7$aFairy tale$2ELB-g
=650  \7$aTale$2ELB-g
=650  \7$aChildren's literature, youth literature$2ELB-g
=655  \4$aRecenzja
=773  0\$tŚwiat Książki$gR. 1988, nr 5, s. 16$91988
=856  42$uhttp://libri.ucl.cas.cz/Record/pl000000761$yreview of: Ługowska Jolanta, Bajka w literaturze dziecięcej, Młodzieżowa Agencja Wydawnicza, Warszawa 1988$4N
=995  \\$aPolska Bibliografia Literacka$bPBL 1989-2003: książki i czasopisma

