=LDR  00784nab-a22001934u-4500
=001  pl000000764
=005  20121205
=008  980305s1988----pl\\\\\\\\\\\\\\\\\\\\\\\
=040  \\$aIBL$bpol
=245  10$a[no title] /$c[no author]
=380  \\$iMajor genre$aSecondary literature$leng
=650  04$aDramat (gatunek literacki)
=650  04$aGenologia, Dramat (gat. lit.)
=650  04$aTeatr, teoria teatru
=650  \7$aDrama$2ELB-g
=655  \4$aRecenzja
=773  0\$tLe Theatre en Pologne = The Theatre in Poland$gR. 1988, nr 11/12, s. 36-37$91988
=856  42$uhttp://libri.ucl.cas.cz/Record/pl000000763$yreview of: [no author], Problemy teorii dramatu i teatru, Wydawnictwo Uniwersytetu Wrocławskiego, Wrocław 1988$4N
=995  \\$aPolska Bibliografia Literacka$bPBL 1989-2003: książki i czasopisma

