=LDR  00801nab-a22001934u-4500
=001  pl000000771
=005  20111128
=008  980306s1988----pl\\\\\\\\\\\\\\\\\\pol\\
=040  \\$aIBL$bpol
=100  1\$aJaworski, Kazimierz$d(1940- )$4aut$1http://viaf.org/viaf/83755583
=245  10$a[no title] /$cKazimierz Jaworski
=380  \\$iMajor genre$aSecondary literature$leng
=600  14$aBerger, Wiesław Adam$d(1926-1998)$1http://viaf.org/viaf/110626126
=650  04$aHasła osobowe (literatura polska)
=650  \7$aPolish literature$2ELB-n
=655  \4$aRecenzja
=773  0\$tZwrot$gR. 1988, nr 11, s. 47-48$91988
=856  42$uhttp://libri.ucl.cas.cz/Record/pl000000770$yreview of: Berger Wiesław Adam, Okay, "Śląsk", Katowice 1988$4N
=995  \\$aPolska Bibliografia Literacka$bPBL 1989-2003: książki i czasopisma

