=LDR  00760nab-a22001934u-4500
=001  pl000000809
=005  20090205
=008  980306s1988----pl\\\\\\\\\\\\\\\\\\pol\\
=040  \\$aIBL$bpol
=100  1\$aJZB$4aut
=245  10$a[no title] /$cJZB
=380  \\$iMajor genre$aSecondary literature$leng
=600  14$aTomaszewska, Ewa$d(1957-2013)$1http://viaf.org/viaf/102010628
=650  04$aHasła osobowe (literatura polska)
=650  \7$aPolish literature$2ELB-n
=655  \4$aRecenzja
=773  0\$tPoezja$gR. 1988, nr 11, s. 87$91988
=856  42$uhttp://libri.ucl.cas.cz/Record/pl000000805$yreview of: Tomaszewska Ewa, Pocałunek księcia nocy, Młodzieżowa Agencja Wydawnicza, Warszawa 1988$4N
=995  \\$aPolska Bibliografia Literacka$bPBL 1989-2003: książki i czasopisma

