=LDR  00796nab-a22001934u-4500
=001  pl000000817
=005  20110224
=008  980309s1988----pl\\\\\\\\\\\\\\\\\\pol\\
=040  \\$aIBL$bpol
=100  1\$aŻychiewicz, Tadeusz$4aut
=245  10$a[no title] /$cTadeusz Żychiewicz
=380  \\$iMajor genre$aSecondary literature$leng
=600  14$aGóra, Jan$d(1948-2015)$1http://viaf.org/viaf/63003013
=650  04$aHasła osobowe (literatura polska)
=650  \7$aPolish literature$2ELB-n
=655  \4$aRecenzja
=773  0\$tTygodnik Powszechny$x0041-4808$gR. 1988, nr 16, s. 6$91988$sTygodnik Powszechny
=856  42$uhttp://libri.ucl.cas.cz/Record/pl000000816$yreview of: Góra Jan, Na krańce świata, Pallottinum, Poznań 1988$4N
=995  \\$aPolska Bibliografia Literacka$bPBL 1989-2003: książki i czasopisma

