=LDR  00813nab-a22001934u-4500
=001  pl000000827
=005  20091225
=008  980309s1988----pl\\\\\\\\\\\\\\\\\\pol\\
=040  \\$aIBL$bpol
=100  1\$aBeszczyńska, Zofia$4aut
=245  10$a[no title] /$cZofia Beszczyńska
=380  \\$iMajor genre$aSecondary literature$leng
=600  14$aGórska, Gabriela$d(1939-2013)$1http://viaf.org/viaf/21118643
=650  04$aHasła osobowe (literatura polska)
=650  \7$aPolish literature$2ELB-n
=655  \4$aRecenzja
=773  0\$tNowe Książki$x0137-8562$gR. 1988, nr 12, s. 85-86$91988$sNowe Książki
=856  42$uhttp://libri.ucl.cas.cz/Record/pl000000826$yreview of: Górska Gabriela, Ostatni Nieśmiertelny, Nasza Księgarnia, Warszawa 1988$4N
=995  \\$aPolska Bibliografia Literacka$bPBL 1989-2003: książki i czasopisma

