=LDR  00814nab-a22001934u-4500
=001  pl000000850
=005  20100708
=008  980309s1988----pl\\\\\\\\\\\\\\\\\\pol\\
=040  \\$aIBL$bpol
=100  1\$aDolecki, Zbigniew$d(1930-1990)$4aut$1http://viaf.org/viaf/101846885
=245  10$a[no title] /$cZbigniew Dolecki
=380  \\$iMajor genre$aSecondary literature$leng
=600  14$aGrabowski, Jan Piotr$d(1947- )$1http://viaf.org/viaf/60376047
=650  04$aHasła osobowe (literatura polska)
=650  \7$aPolish literature$2ELB-n
=655  \4$aRecenzja
=773  0\$tKierunki$gR. 1988, nr 41, s. 3$91988
=856  42$uhttp://libri.ucl.cas.cz/Record/pl000000845$yreview of: Grabowski Jan P., Deszcz i płomień, Wydawnictwo Morskie, Gdańsk 1988$4N
=995  \\$aPolska Bibliografia Literacka$bPBL 1989-2003: książki i czasopisma

