=LDR  00834nab-a22002054u-4500
=001  pl000000868
=005  20091225
=008  980309s1988----pl\\\\\\\\\\\\\\\\\\pol\\
=040  \\$aIBL$bpol
=100  1\$aUmiński, Zdzisław$4aut
=245  10$a[no title] /$cZdzisław Umiński
=380  \\$iMajor genre$aSecondary literature$leng
=520  2\$a[z fot. J.P.].
=600  14$aParandowski, Jan$d(1895-1978)$1http://viaf.org/viaf/9851531
=650  04$aHasła osobowe (literatura polska)
=650  \7$aPolish literature$2ELB-n
=655  \4$aRecenzja
=773  0\$tNowe Książki$x0137-8562$gR. 1988, nr 10, s. 19-20$91988$sNowe Książki
=856  42$uhttp://libri.ucl.cas.cz/Record/pl000000863$yreview of: Parandowski Jan, Złota nić, Wydawnictwo Literackie, Kraków 1988$4N
=995  \\$aPolska Bibliografia Literacka$bPBL 1989-2003: książki i czasopisma

