=LDR  00932nab-a22001934u-4500
=001  pl000000885
=005  20100520
=008  980309s1988----pl\\\\\\\\\\\\\\\\\\pol\\
=040  \\$aIBL$bpol
=100  1\$aMętrak, Krzysztof$d(1945-1993)$4aut$1http://viaf.org/viaf/61593981
=245  10$a[no title] /$cKrzysztof Mętrak
=380  \\$iMajor genre$aSecondary literature$leng
=600  14$aBiałoszewski, Miron$d(1922-1983)$1http://viaf.org/viaf/14786907
=650  04$aHasła osobowe (literatura polska)
=650  \7$aPolish literature$2ELB-n
=655  \4$aRecenzja
=773  0\$tTygodnik Kulturalny$x0564-5751$gR. 1988, nr 40, s. 12$91988$sTygodnik Kulturalny
=856  42$uhttp://libri.ucl.cas.cz/Record/pl000000814$yreview of: Białoszewski Miron, Obmapywanie Europy, czyli dziennik okrętowy. AAAmeryka. Ostatnie wiersze, Państwowy Instytut Wydawniczy, Warszawa 1988$4N
=995  \\$aPolska Bibliografia Literacka$bPBL 1989-2003: książki i czasopisma

