=LDR  00849nab-a22001934u-4500
=001  pl000000886
=005  20100521
=008  980309s1988----pl\\\\\\\\\\\\\\\\\\pol\\
=040  \\$aIBL$bpol
=100  1\$aSolecki, Wiesław$4aut
=245  10$a[no title] /$cWiesław Solecki
=380  \\$iMajor genre$aSecondary literature$leng
=600  14$aBiałoszewski, Miron$d(1922-1983)$1http://viaf.org/viaf/14786907
=650  04$aHasła osobowe (literatura polska)
=650  \7$aPolish literature$2ELB-n
=655  \4$aRecenzja
=773  0\$tŚwiat Książki$gR. 1988, nr 7, s. 5$91988
=856  42$uhttp://libri.ucl.cas.cz/Record/pl000000814$yreview of: Białoszewski Miron, Obmapywanie Europy, czyli dziennik okrętowy. AAAmeryka. Ostatnie wiersze, Państwowy Instytut Wydawniczy, Warszawa 1988$4N
=995  \\$aPolska Bibliografia Literacka$bPBL 1989-2003: książki i czasopisma

