=LDR  00893nab-a22001934u-4500
=001  pl000000888
=005  20090303
=008  980309s1988----pl\\\\\\\\\\\\\\\\\\pol\\
=040  \\$aIBL$bpol
=100  1\$aGuzowska, Halina$4aut
=245  10$a[no title] /$cHalina Guzowska
=380  \\$iMajor genre$aSecondary literature$leng
=650  04$aHistoria literatury polskiej, Ogólne materiały
=650  04$aOgólne (historia literatury)
=650  \7$aPolish literature$2ELB-n
=655  \4$aRecenzja
=773  0\$tSłowo Powszechne$x0137-9283$gR. 1988, nr 244, s. 4$91988$sSłowo Powszechne
=856  42$uhttp://libri.ucl.cas.cz/Record/pl000000883$yreview of: Czepulis-Rastenis Ryszarda, Ludzie nauki i talentu. Studia o świadomości społecznej inteligencji polskiej w zaborze rosyjskim, Państwowy Instytut Wydawniczy, Warszawa 1989$4N
=995  \\$aPolska Bibliografia Literacka$bPBL 1989-2003: książki i czasopisma

