=LDR  00889nab-a22002054u-4500
=001  pl000000894
=005  20140529
=008  980309s1988----pl\\\\\\\\\\\\\\\\\\pol\\
=040  \\$aIBL$bpol
=100  1\$aKirchner, Hanna$d(1930- )$4aut$1http://viaf.org/viaf/46789644
=245  10$a[no title] /$cHanna Kirchner
=380  \\$iMajor genre$aSecondary literature$leng
=520  2\$asprost. dot. współautorstwa Ludwika Heringa
=600  14$aBiałoszewski, Miron$d(1922-1983)$1http://viaf.org/viaf/14786907
=650  04$aHasła osobowe (literatura polska)
=650  \7$aPolish literature$2ELB-n
=655  \4$aSprostowanie
=773  0\$tŻycie Literackie$x0591-2369$gR. 1988, nr 41, s. 13$91988$sŻycie Literackie
=856  42$uhttp://libri.ucl.cas.cz/Record/pl000000891$ycorrection of: Białoszewski Miron, Utwory zebrane, 1988$4N
=995  \\$aPolska Bibliografia Literacka$bPBL 1989-2003: książki i czasopisma

