=LDR  00835nab-a22001934u-4500
=001  pl000000895
=005  20090709
=008  980309s1988----pl\\\\\\\\\\\\\\\\\\pol\\
=040  \\$aIBL$bpol
=245  10$a[Sprostowanie] /$c[no author]
=380  \\$iMajor genre$aSecondary literature$leng
=520  2\$asprost. PIW-u dot. pominięcia nazwiska autora wyboru t. 1 "Utworów zebranych" - Artura Sandauera
=600  14$aBiałoszewski, Miron$d(1922-1983)$1http://viaf.org/viaf/14786907
=650  04$aHasła osobowe (literatura polska)
=650  \7$aPolish literature$2ELB-n
=655  \4$aSprostowanie
=773  0\$tKultura [Warszawa]$gR. 1988, nr 25, s. 2$91988
=856  42$uhttp://libri.ucl.cas.cz/Record/pl000000891$ycorrection of: Białoszewski Miron, Utwory zebrane, 1988$4N
=995  \\$aPolska Bibliografia Literacka$bPBL 1989-2003: książki i czasopisma

