=LDR  00785nab-a22002054u-4500
=001  pl000000896
=005  20090709
=008  980309s1988----pl\\\\\\\\\\\\\\\\\\pol\\
=040  \\$aIBL$bpol
=100  1\$aMiłkowski, Tomasz$4aut
=245  10$a[no title] /$cTomasz Miłkowski
=380  \\$iMajor genre$aSecondary literature$leng
=520  2\$a[dot. t. 1-3]
=600  14$aBiałoszewski, Miron$d(1922-1983)$1http://viaf.org/viaf/14786907
=650  04$aHasła osobowe (literatura polska)
=650  \7$aPolish literature$2ELB-n
=655  \4$aRecenzja
=773  0\$tKultura [Warszawa]$gR. 1988, nr 20, s. 10$91988
=856  42$uhttp://libri.ucl.cas.cz/Record/pl000000891$yreview of: Białoszewski Miron, Utwory zebrane, 1988$4N
=995  \\$aPolska Bibliografia Literacka$bPBL 1989-2003: książki i czasopisma

