=LDR  01031nab-a22002054u-4500
=001  pl000000904
=005  20171013
=008  980309s1987----pl\\\\\\\\\\\\\\\\\\pol\\
=040  \\$aIBL$bpol
=100  1\$aŻadziłko-Sztachelska, Jolanta$4aut
=245  10$a[no title] /$cJolanta Żadziłko-Sztachelska ; Tł. Krzysztof Prymak.
=380  \\$iMajor genre$aSecondary literature$leng
=600  14$aTroczyński, Konstanty$d(1906-1942)$1http://viaf.org/viaf/54197681
=650  04$aHasła osobowe (literatura polska)
=650  \7$aPolish literature$2ELB-n
=655  \4$aRecenzja
=700  1\$aPrymak, Krzysztof$eTłumacz$4trl
=773  0\$tZagadnienia Rodzajów Literackich$x0084-4446$gR. 1987, t. 29 (1986) z. 2, s. 96-101$91987$sZagadnienia Rodzajów Literackich
=856  42$uhttp://libri.ucl.cas.cz/Record/pl000000903$yreview of: Krasuski Krzysztof, Normy i formy. Konstanty Troczyński - teoretyk i krytyk literatury, Zakład Narodowy im. Ossolińskich, Wrocław 1988$4N
=995  \\$aPolska Bibliografia Literacka$bPBL 1989-2003: książki i czasopisma

