=LDR  00765nab-a22001934u-4500
=001  pl000000922
=005  20090706
=008  980309s1988----\\\\\\\\\\\\\\\\\\\\pol\\
=040  \\$aIBL$bpol
=100  1\$aWaliszewska, Marta$4aut
=245  10$a[no title] /$cMarta Waliszewska
=380  \\$iMajor genre$aSecondary literature$leng
=600  14$aBień, Adam$d(1899-1998)$1http://viaf.org/viaf/5057969
=650  04$aHasła osobowe (literatura polska)
=650  \7$aPolish literature$2ELB-n
=655  \4$aRecenzja
=773  0\$tPogląd$gR. 1988, nr 6/7, s. 115-116$91988
=856  42$uhttp://libri.ucl.cas.cz/Record/pl000000921$yreview of: Bień Adam, Więźniowie  Moskwy, Wydawnictwo "Wici", Chicago 1989$4N
=995  \\$aPolska Bibliografia Literacka$bPBL 1989-2003: książki i czasopisma

