=LDR  00814nab-a22001934u-4500
=001  pl000000934
=005  20110119
=008  980310s1988----pl\\\\\\\\\\\\\\\\\\pol\\
=040  \\$aIBL$bpol
=100  1\$a(ew)$4aut
=245  10$a[no title] /$c(ew)
=380  \\$iMajor genre$aSecondary literature$leng
=600  14$aGroński, Ryszard Marek$d(1939-2018)$1http://viaf.org/viaf/118609199
=650  04$aHasła osobowe (literatura polska)
=650  \7$aPolish literature$2ELB-n
=655  \4$aRecenzja
=773  0\$tSztuka dla Dziecka$x0860-3464$gR. 1988, nr 5/6, s. 82-83$91988$sSztuka dla Dziecka
=856  42$uhttp://libri.ucl.cas.cz/Record/pl000000932$yreview of: Groński Ryszard Marek, Wierszyki meteoro-nie-logiczne, Nasza Księgarnia, Warszawa 1988$4N
=995  \\$aPolska Bibliografia Literacka$bPBL 1989-2003: książki i czasopisma

