=LDR  00812nab-a22001934u-4500
=001  pl000000939
=005  20140526
=008  980310s1988----pl\\\\\\\\\\\\\\\\\\pol\\
=040  \\$aIBL$bpol
=245  10$a[no title] /$c[no author]
=380  \\$iMajor genre$aSecondary literature$leng
=520  2\$anot.
=600  14$aGrundkowski, Jerzy$d(1953-2016)$1http://viaf.org/viaf/267559050
=650  04$aHasła osobowe (literatura polska)
=650  \7$aPolish literature$2ELB-n
=655  \4$aRecenzja
=773  0\$tTygodnik Kulturalny$x0564-5751$gR. 1988, nr 40, s. 12$91988$sTygodnik Kulturalny
=856  42$uhttp://libri.ucl.cas.cz/Record/pl000000936$yreview of: Grundkowski Jerzy, Annopolis, świat mojej wyobraźni, Wydawnictwo Literackie, Kraków 1988$4N
=995  \\$aPolska Bibliografia Literacka$bPBL 1989-2003: książki i czasopisma

