=LDR  00808nab-a22001934u-4500
=001  pl000000941
=005  20100510
=008  980310s1988----pl\\\\\\\\\\\\\\\\\\pol\\
=040  \\$aIBL$bpol
=100  1\$aDrzewucki, Janusz$4aut
=245  10$a[no title] /$cJanusz Drzewucki
=380  \\$iMajor genre$aSecondary literature$leng
=600  14$aGrundkowski, Jerzy$d(1953-2016)$1http://viaf.org/viaf/267559050
=650  04$aHasła osobowe (literatura polska)
=650  \7$aPolish literature$2ELB-n
=655  \4$aRecenzja
=773  0\$tŻycie Literackie$x0591-2369$gR. 1988, nr 52/53, s. 18$91988$sŻycie Literackie
=856  42$uhttp://libri.ucl.cas.cz/Record/pl000000940$yreview of: Grundkowski Jerzy, Śmierć w kosmolocie, Pomorze, Bydgoszcz 1988$4N
=995  \\$aPolska Bibliografia Literacka$bPBL 1989-2003: książki i czasopisma

