=LDR  00789nab-a22001934u-4500
=001  pl000000948
=005  20120102
=008  980310s1988----pl\\\\\\\\\\\\\\\\\\pol\\
=040  \\$aIBL$bpol
=100  1\$aŻółciński, Tadeusz J.$4aut
=245  10$a[no title] /$cTadeusz J. Żółciński
=380  \\$iMajor genre$aSecondary literature$leng
=600  14$aGrzeniewski, Ludwik Bohdan$d(1930-2008)$1http://viaf.org/viaf/29660016
=650  04$aHasła osobowe (literatura polska)
=650  \7$aPolish literature$2ELB-n
=655  \4$aRecenzja
=773  0\$tArgumenty$gR. 1988, nr 31, s. 9$91988
=856  42$uhttp://libri.ucl.cas.cz/Record/pl000000946$yreview of: Grzeniewski Ludwik Bohdan, Księga wyjścia, Iskry, Warszawa 1988$4N
=995  \\$aPolska Bibliografia Literacka$bPBL 1989-2003: książki i czasopisma

