=LDR  00762nab-a22001934u-4500
=001  pl000000955
=005  20090709
=008  980310s1988----pl\\\\\\\\\\\\\\\\\\pol\\
=040  \\$aIBL$bpol
=100  1\$aH.M.$4aut
=245  10$a[no title] /$cH.M.
=380  \\$iMajor genre$aSecondary literature$leng
=600  14$aGrzędzielski, Władysław$d(1920-2007)$1http://viaf.org/viaf/101856929
=650  04$aHasła osobowe (literatura polska)
=650  \7$aPolish literature$2ELB-n
=655  \4$aRecenzja
=773  0\$tKultura [Warszawa]$gR. 1988, nr 50, s. 9$91988
=856  42$uhttp://libri.ucl.cas.cz/Record/pl000000954$yreview of: Grzędzielski Władysław, Polski jeździec, Czytelnik, Warszawa 1988$4N
=995  \\$aPolska Bibliografia Literacka$bPBL 1989-2003: książki i czasopisma

