=LDR  00842nab-a22001934u-4500
=001  pl000001016
=005  20111011
=008  980310s1988----pl\\\\\\\\\\\\\\\\\\pol\\
=040  \\$aIBL$bpol
=100  1\$aLebioda, Dariusz Tomasz$d(1958- )$4aut$1http://viaf.org/viaf/40322662
=245  10$a[no title] /$cDariusz Tomasz Lebioda
=380  \\$iMajor genre$aSecondary literature$leng
=600  14$aPasterniak, Wojciech$d(1935-2018)$1http://viaf.org/viaf/64418675
=650  04$aHasła osobowe (literatura polska)
=650  \7$aPolish literature$2ELB-n
=655  \4$aRecenzja
=773  0\$tNadodrze$gR. 1988, nr 15, s. 8$91988
=856  42$uhttp://libri.ucl.cas.cz/Record/pl000001010$yreview of: Pasterniak Wojciech, Dobroć Powietrza, Wyższa Szkoła Pedagogiczna, Zielona Góra 1988$4N
=995  \\$aPolska Bibliografia Literacka$bPBL 1989-2003: książki i czasopisma

