=LDR  00980nab-a22002174u-4500
=001  pl000001019
=005  20090313
=008  980310s1988----pl\\\\\\\\\\\\\\\\\\pol\\
=040  \\$aIBL$bpol
=100  1\$aM.K.$4aut
=245  10$a[no title] /$cM.K.
=380  \\$iMajor genre$aSecondary literature$leng
=520  2\$adotyczy wyd. 4
=610  24$aUczelniane instytuty (wydziały, zakłady, ośrodki badawcze) polskie, Instytut Filologii Polskiej Uniwersytetu Jagiellońskiego w Krakowie
=650  04$aHistoria literatury polskiej, Ogólne materiały
=650  04$aOgólne (historia literatury)
=650  \7$aPolish literature$2ELB-n
=655  \4$aRecenzja
=773  0\$tŻycie Literackie$x0591-2369$gR. 1988, nr 16, s. 11$91988$sŻycie Literackie
=856  42$uhttp://libri.ucl.cas.cz/Record/pl000001006$yreview of: [no author], Historia literatury polskiej w zarysie, Państwowe Wydawnictwo Naukowe, Warszawa 1988$4N
=995  \\$aPolska Bibliografia Literacka$bPBL 1989-2003: książki i czasopisma
